ts_recv,ts_event,rtype,publisher_id,instrument_id,action,side,depth,price,size,flags,ts_in_delta,sequence,symbol
2023-01-17 15:14:56.681913524+00:00,2023-01-17 15:14:56.681901942+00:00,0,2,60,T,N,0,37.69,1,134,11582,117679243,AC
2023-01-17 15:15:24.480621002+00:00,2023-01-17 15:15:24.480608824+00:00,0,2,60,T,N,0,37.97,1,134,12178,118495236,AC
2023-01-17 15:15:50.113420449+00:00,2023-01-17 15:15:50.113408779+00:00,0,2,60,T,A,0,37.75,2,134,11670,119184212,AC
2023-01-17 15:16:01.552940316+00:00,2023-01-17 15:16:01.552927612+00:00,0,2,60,T,A,0,37.75,1,134,12704,119502544,AC
2023-01-17 15:16:45.919549964+00:00,2023-01-17 15:16:45.919537806+00:00,0,2,60,T,N,0,37.79,1,134,12158,120835456,AC
2023-01-17 15:54:20.305446147+00:00,2023-01-17 15:54:20.305434262+00:00,0,2,60,T,N,0,38.09,1,134,11885,177536915,AC
2023-01-17 17:34:48.567867733+00:00,2023-01-17 17:34:48.567855821+00:00,0,2,60,T,N,0,37.58,73,134,11912,278930156,AC
2023-01-17 17:50:55.810042992+00:00,2023-01-17 17:50:55.810030909+00:00,0,2,60,T,N,0,37.73,7,134,12083,290093802,AC
2023-01-17 17:51:11.888242922+00:00,2023-01-17 17:51:11.888231157+00:00,0,2,60,T,N,0,37.73,10,134,11765,290263974,AC
2023-01-17 17:51:27.189573556+00:00,2023-01-17 17:51:27.189561659+00:00,0,2,60,T,N,0,37.73,9,134,11897,290478859,AC
2023-01-17 17:51:34.503231398+00:00,2023-01-17 17:51:34.503219758+00:00,0,2,60,T,N,0,37.73,8,134,11640,290566653,AC
2023-01-17 17:51:41.046883396+00:00,2023-01-17 17:51:41.046871449+00:00,0,2,60,T,N,0,37.73,1,134,11947,290628387,AC
2023-01-17 17:51:44.583372339+00:00,2023-01-17 17:51:44.583360911+00:00,0,2,60,T,N,0,37.73,9,134,11428,290692327,AC
2023-01-17 17:51:54.281333781+00:00,2023-01-17 17:51:54.281322212+00:00,0,2,60,T,N,0,37.73,19,134,11569,290813531,AC
2023-01-17 17:52:36.565420038+00:00,2023-01-17 17:52:36.565408231+00:00,0,2,60,T,N,0,37.73,5,134,11807,291409827,AC
2023-01-17 17:53:03.766576923+00:00,2023-01-17 17:53:03.766564921+00:00,0,2,60,T,N,0,37.73,6,134,12002,291788393,AC
2023-01-17 17:53:07.426754236+00:00,2023-01-17 17:53:07.426742108+00:00,0,2,60,T,N,0,37.73,4,134,12128,291834852,AC
2023-01-17 17:53:51.102166980+00:00,2023-01-17 17:53:51.102154933+00:00,0,2,60,T,N,0,37.73,1,134,12047,292265404,AC
2023-01-17 18:16:01.516051873+00:00,2023-01-17 18:16:01.516038777+00:00,0,2,60,T,N,0,37.52,5,4,13096,307836723,AC
2023-01-17 18:16:01.521685793+00:00,2023-01-17 18:16:01.521674256+00:00,0,2,60,T,B,0,37.5,15,134,11537,307836771,AC
2023-01-17 19:38:50.980068914+00:00,2023-01-17 19:38:50.980056103+00:00,0,2,60,T,B,0,37.46,10,4,12811,369489232,AC
2023-01-17 19:40:34.166287466+00:00,2023-01-17 19:40:34.166274989+00:00,0,2,60,T,A,0,37.46,1,134,12477,370663857,AC
2023-01-17 19:42:40.776075713+00:00,2023-01-17 19:42:40.776061978+00:00,0,2,60,T,B,0,37.46,1,4,13735,372187209,AC
2023-01-17 19:42:40.776075713+00:00,2023-01-17 19:42:40.776061978+00:00,0,2,60,T,B,0,37.46,1,134,13735,372187210,AC
2023-01-17 19:44:46.457435034+00:00,2023-01-17 19:44:46.457422876+00:00,0,2,60,T,B,0,37.46,1,134,12158,373691942,AC
2023-01-17 20:55:22.572544708+00:00,2023-01-17 20:55:22.572532525+00:00,0,2,60,T,N,0,37.17,6,134,12183,437828979,AC
2023-01-17 20:55:37.521133653+00:00,2023-01-17 20:55:37.521121131+00:00,0,2,60,T,N,0,37.17,6,134,12522,438492521,AC
2023-01-17 20:58:55.422687917+00:00,2023-01-17 20:58:55.422676328+00:00,0,2,60,T,B,0,37.55,1,134,11589,446828318,AC
2023-01-18 16:59:25.048085235+00:00,2023-01-18 16:59:25.048073658+00:00,0,2,60,T,N,0,38.77,1,130,11577,279586144,AC
2023-01-18 16:59:39.372899919+00:00,2023-01-18 16:59:39.372888660+00:00,0,2,60,T,A,0,37.57,50,130,11259,280008784,AC
2023-01-18 16:59:53.995307564+00:00,2023-01-18 16:59:53.995296606+00:00,0,2,60,T,B,0,38.5,50,130,10958,280309782,AC
2023-01-18 17:00:09.274879485+00:00,2023-01-18 17:00:09.274866688+00:00,0,2,60,T,N,0,37.58,1,0,12797,280622461,AC
2023-01-18 17:00:09.274879485+00:00,2023-01-18 17:00:09.274866688+00:00,0,2,60,T,A,0,37.57,49,130,12797,280622462,AC
2023-01-18 17:00:09.274902351+00:00,2023-01-18 17:00:09.274890016+00:00,0,2,60,T,A,0,37.57,1,0,12335,280622464,AC
2023-01-18 17:00:09.274902351+00:00,2023-01-18 17:00:09.274890016+00:00,0,2,60,T,A,0,37.57,20,130,12335,280622465,AC
2023-01-18 17:00:56.065475933+00:00,2023-01-18 17:00:56.065463651+00:00,0,2,60,T,B,0,37.95,53,128,12282,281865728,AC
2023-01-18 17:01:06.580188289+00:00,2023-01-18 17:01:06.580175539+00:00,0,2,60,T,N,0,37.61,1,0,12750,282017657,AC
2023-01-18 17:01:06.580188289+00:00,2023-01-18 17:01:06.580175539+00:00,0,2,60,T,A,0,37.34,49,130,12750,282017658,AC
2023-01-18 17:01:20.034277513+00:00,2023-01-18 17:01:20.034266777+00:00,0,2,60,T,B,0,37.85,50,130,10736,282260052,AC
2023-01-18 17:01:28.578697346+00:00,2023-01-18 17:01:28.578685698+00:00,0,2,60,T,N,0,37.75,1,130,11648,282393146,AC
2023-01-18 17:01:41.296879231+00:00,2023-01-18 17:01:41.296868255+00:00,0,2,60,T,A,0,37.34,50,130,10976,282598770,AC
2023-01-18 17:02:21.042693428+00:00,2023-01-18 17:02:21.042682789+00:00,0,2,60,T,B,0,37.66,50,130,10639,283360071,AC
2023-01-18 17:02:31.009357668+00:00,2023-01-18 17:02:31.009346981+00:00,0,2,60,T,A,0,37.23,50,130,10687,283529054,AC
2023-01-18 17:02:39.975092053+00:00,2023-01-18 17:02:39.975080684+00:00,0,2,60,T,B,0,37.75,50,130,11369,283650574,AC
2023-01-18 17:02:48.415463350+00:00,2023-01-18 17:02:48.415451023+00:00,0,2,60,T,N,0,37.34,30,0,12327,283756979,AC
2023-01-18 17:02:48.415463350+00:00,2023-01-18 17:02:48.415451023+00:00,0,2,60,T,N,0,37.3,20,130,12327,283756980,AC
2023-01-18 17:02:58.692057229+00:00,2023-01-18 17:02:58.692045927+00:00,0,2,60,T,N,0,37.35,50,130,11302,283910674,AC
2023-01-18 17:03:03.674796335+00:00,2023-01-18 17:03:03.674785346+00:00,0,2,60,T,B,0,37.5,20,130,10989,283999364,AC
2023-01-18 17:03:09.374287687+00:00,2023-01-18 17:03:09.374276289+00:00,0,2,60,T,N,0,37.41,50,130,11398,284085010,AC
2023-01-18 17:03:17.402272753+00:00,2023-01-18 17:03:17.402261402+00:00,0,2,60,T,B,0,37.5,50,130,11351,284204722,AC
2023-01-18 17:34:57.389719687+00:00,2023-01-18 17:34:57.389707267+00:00,0,2,60,T,N,0,37.48,30,130,12420,318952755,AC
2023-01-18 17:36:00.886454842+00:00,2023-01-18 17:36:00.886442420+00:00,0,2,60,T,N,0,36.99,100,0,12422,320049070,AC
2023-01-18 17:36:00.886454842+00:00,2023-01-18 17:36:00.886442420+00:00,0,2,60,T,N,0,36.99,20,130,12422,320049071,AC
2023-01-18 17:36:01.458150751+00:00,2023-01-18 17:36:01.458139711+00:00,0,2,60,T,N,0,36.99,78,130,11040,320084630,AC
2023-01-18 17:36:06.632480755+00:00,2023-01-18 17:36:06.632468358+00:00,0,2,60,T,N,0,36.99,86,0,12397,320177208,AC
2023-01-18 17:36:06.632480755+00:00,2023-01-18 17:36:06.632468358+00:00,0,2,60,T,B,0,37.0,22,130,12397,320177209,AC
2023-01-18 17:39:04.293472357+00:00,2023-01-18 17:39:04.293459940+00:00,0,2,60,T,B,0,37.0,8,130,12417,322910990,AC
2023-01-18 17:39:05.050975397+00:00,2023-01-18 17:39:05.050963969+00:00,0,2,60,T,N,0,37.07,2,130,11428,322925909,AC
2023-01-18 17:43:41.538906268+00:00,2023-01-18 17:43:41.538894651+00:00,0,2,60,T,N,0,37.51,100,130,11617,327099479,AC
2023-01-18 18:43:51.211370393+00:00,2023-01-18 18:43:51.211358535+00:00,0,2,60,T,N,0,37.23,20,130,11858,385473242,AC
2023-01-18 20:59:31.814171850+00:00,2023-01-18 20:59:31.814158337+00:00,0,2,60,T,N,0,37.32,100,128,13513,529353492,AC
2023-01-19 14:33:12.488284468+00:00,2023-01-19 14:33:12.488272286+00:00,0,2,60,T,A,0,37.45,1,130,12182,32263866,AC
2023-01-20 14:40:31.770132496+00:00,2023-01-20 14:40:31.770120346+00:00,0,2,60,T,B,0,37.6,3,130,12150,49255699,AC
2023-01-20 19:05:04.608073458+00:00,2023-01-20 19:05:04.608061451+00:00,0,2,60,T,B,0,37.92,4,130,12007,335067435,AC
2023-01-20 20:58:38.492935650+00:00,2023-01-20 20:58:38.492922675+00:00,0,2,60,T,N,0,37.83,9,128,12975,442346956,AC
2023-01-20 20:59:39.436074241+00:00,2023-01-20 20:59:39.436062304+00:00,0,2,60,T,A,0,37.8,1,130,11937,446887156,AC
2023-01-23 14:51:05.427309915+00:00,2023-01-23 14:51:05.427298414+00:00,0,2,60,T,N,0,38.46,1,134,11501,64189492,AC
2023-01-23 14:51:28.550502322+00:00,2023-01-23 14:51:28.550490403+00:00,0,2,60,T,N,0,38.46,1,134,11919,64874632,AC
2023-01-23 15:15:32.935904264+00:00,2023-01-23 15:15:32.935892687+00:00,0,2,60,T,B,0,38.74,1,134,11577,104487238,AC
2023-01-23 15:35:15.122568257+00:00,2023-01-23 15:35:15.122556618+00:00,0,2,60,T,B,0,38.74,1,134,11639,130418121,AC
2023-01-23 15:58:55.522575728+00:00,2023-01-23 15:58:55.522564314+00:00,0,2,60,T,N,0,38.7,1,134,11414,158035598,AC
2023-01-23 15:59:00.521587789+00:00,2023-01-23 15:59:00.521575086+00:00,0,2,60,T,N,0,38.7,1,4,12703,158108722,AC
2023-01-23 15:59:00.521587789+00:00,2023-01-23 15:59:00.521575086+00:00,0,2,60,T,B,0,38.74,1,134,12703,158108723,AC
2023-01-23 15:59:08.524696804+00:00,2023-01-23 15:59:08.524683913+00:00,0,2,60,T,B,0,38.74,2,132,12891,158294026,AC
2023-01-23 16:27:01.162877030+00:00,2023-01-23 16:27:01.162865368+00:00,0,2,60,T,B,0,38.74,1,134,11662,192278433,AC
2023-01-23 16:27:07.050796762+00:00,2023-01-23 16:27:07.050785227+00:00,0,2,60,T,B,0,38.74,3,134,11535,192397005,AC
2023-01-23 16:27:10.591491356+00:00,2023-01-23 16:27:10.591479739+00:00,0,2,60,T,B,0,38.74,1,134,11617,192500171,AC
2023-01-23 16:28:02.718331016+00:00,2023-01-23 16:28:02.718318738+00:00,0,2,60,T,B,0,38.74,2,134,12278,193416013,AC
2023-01-23 16:28:09.202502220+00:00,2023-01-23 16:28:09.202479694+00:00,0,2,60,T,B,0,38.74,23,4,22526,193584781,AC
2023-01-23 16:34:31.863046690+00:00,2023-01-23 16:34:31.863034972+00:00,0,2,60,T,A,0,38.76,1,134,11718,200596169,AC
2023-01-23 16:54:12.803699202+00:00,2023-01-23 16:54:12.803687189+00:00,0,2,60,T,N,0,38.51,1,134,12013,219355658,AC
2023-01-23 18:39:41.440427042+00:00,2023-01-23 18:39:41.440415712+00:00,0,2,60,T,N,0,38.25,1,134,11330,301202946,AC
2023-01-23 18:40:08.514470160+00:00,2023-01-23 18:40:08.514458518+00:00,0,2,60,T,A,0,38.0,1,134,11642,301566348,AC
2023-01-23 18:40:22.632026843+00:00,2023-01-23 18:40:22.632015454+00:00,0,2,60,T,N,0,38.25,1,134,11389,301759966,AC
2023-01-23 18:43:30.076625861+00:00,2023-01-23 18:43:30.076614022+00:00,0,2,60,T,B,0,38.44,1,134,11839,304202408,AC
2023-01-23 18:43:34.590447880+00:00,2023-01-23 18:43:34.590436545+00:00,0,2,60,T,B,0,38.44,2,134,11335,304250566,AC
2023-01-23 18:44:57.061496943+00:00,2023-01-23 18:44:57.061485075+00:00,0,2,60,T,N,0,38.43,2,134,11868,305255389,AC
2023-01-23 18:56:55.726075932+00:00,2023-01-23 18:56:55.726064075+00:00,0,2,60,T,N,0,38.43,2,134,11857,313981294,AC
2023-01-23 20:24:22.909835189+00:00,2023-01-23 20:24:22.909823429+00:00,0,2,60,T,N,0,38.39,2,134,11760,407392448,AC
2023-01-23 20:51:02.846033148+00:00,2023-01-23 20:51:02.846021362+00:00,0,2,60,T,N,0,38.345,2,134,11786,441902476,AC
2023-01-25 17:54:19.802878290+00:00,2023-01-25 17:54:19.802866295+00:00,0,2,60,T,N,0,36.85,19,130,11995,309704345,AC
2023-01-25 18:28:15.728249073+00:00,2023-01-25 18:28:15.728237002+00:00,0,2,60,T,N,0,36.63,2,130,12071,339763466,AC
2023-01-25 18:36:20.916523970+00:00,2023-01-25 18:36:20.916512600+00:00,0,2,60,T,N,0,36.87,11,130,11370,347244584,AC
2023-01-25 18:38:52.107590161+00:00,2023-01-25 18:38:52.107577881+00:00,0,2,60,T,B,0,36.9,96,130,12280,349058146,AC
2023-01-25 18:54:11.384614616+00:00,2023-01-25 18:54:11.384603425+00:00,0,2,60,T,A,0,37.14,1,130,11191,361310466,AC
2023-01-25 18:54:11.385207660+00:00,2023-01-25 18:54:11.385195499+00:00,0,2,60,T,A,0,37.13,2,130,12161,361310479,AC
2023-01-25 18:54:11.385230377+00:00,2023-01-25 18:54:11.385219224+00:00,0,2,60,T,A,0,37.13,17,130,11153,361310481,AC
2023-01-25 18:54:15.198095522+00:00,2023-01-25 18:54:15.198084577+00:00,0,2,60,T,A,0,37.11,1,130,10945,361358688,AC
2023-01-25 18:54:19.978267028+00:00,2023-01-25 18:54:19.978255676+00:00,0,2,60,T,A,0,37.13,1,130,11352,361419075,AC
2023-01-25 20:56:47.956592485+00:00,2023-01-25 20:56:47.956580203+00:00,0,2,60,T,N,0,36.9,13,130,12282,486731503,AC
2023-01-25 20:59:35.926450684+00:00,2023-01-25 20:59:35.926438993+00:00,0,2,60,T,A,0,36.52,2,130,11691,494985830,AC
2023-01-25 20:59:36.926524616+00:00,2023-01-25 20:59:36.926512178+00:00,0,2,60,T,A,0,36.52,2,128,12438,495051525,AC
2023-01-25 20:59:37.926735296+00:00,2023-01-25 20:59:37.926722308+00:00,0,2,60,T,A,0,36.52,1,128,12988,495114538,AC
2023-01-25 20:59:39.927288934+00:00,2023-01-25 20:59:39.927276947+00:00,0,2,60,T,A,0,36.52,2,130,11987,495235487,AC
2023-01-25 20:59:40.927431099+00:00,2023-01-25 20:59:40.927419591+00:00,0,2,60,T,A,0,36.52,1,130,11508,495315377,AC
2023-01-25 20:59:42.927550971+00:00,2023-01-25 20:59:42.927539494+00:00,0,2,60,T,A,0,36.52,2,130,11477,495454295,AC
2023-01-26 18:28:55.887197263+00:00,2023-01-26 18:28:55.887184427+00:00,0,2,60,T,N,0,36.56,9,130,12836,373295577,AC
2023-01-26 18:52:48.531516708+00:00,2023-01-26 18:52:48.531504888+00:00,0,2,60,T,B,0,36.66,1,130,11820,394005118,AC
2023-01-26 18:53:42.184023909+00:00,2023-01-26 18:53:42.184012258+00:00,0,2,60,T,N,0,36.95,1,130,11651,394855555,AC
2023-01-26 18:54:17.522163853+00:00,2023-01-26 18:54:17.522152116+00:00,0,2,60,T,N,0,36.94,1,130,11737,395304420,AC
2023-01-26 18:54:20.400435253+00:00,2023-01-26 18:54:20.400423748+00:00,0,2,60,T,N,0,36.94,3,130,11505,395329041,AC
2023-01-26 20:11:49.320132628+00:00,2023-01-26 20:11:49.320116383+00:00,0,2,60,T,B,0,36.7,10,0,16245,455818663,AC
2023-01-26 20:11:49.320132628+00:00,2023-01-26 20:11:49.320116383+00:00,0,2,60,T,N,0,36.89,5,0,16245,455818664,AC
2023-01-26 20:11:49.320132628+00:00,2023-01-26 20:11:49.320116383+00:00,0,2,60,T,N,0,36.95,9,0,16245,455818665,AC
2023-01-26 20:11:49.320132628+00:00,2023-01-26 20:11:49.320116383+00:00,0,2,60,T,N,0,37.24,15,130,16245,455818666,AC
2023-01-26 20:11:59.447308756+00:00,2023-01-26 20:11:59.447296799+00:00,0,2,60,T,N,0,37.24,1,130,11957,456036515,AC
2023-01-26 20:45:31.277406617+00:00,2023-01-26 20:45:31.277394786+00:00,0,2,60,T,N,0,36.89,1,130,11831,487297636,AC
2023-01-26 20:46:16.651250109+00:00,2023-01-26 20:46:16.651237420+00:00,0,2,60,T,N,0,36.87,1,128,12689,488303911,AC
2023-01-26 20:52:32.933673582+00:00,2023-01-26 20:52:32.933662004+00:00,0,2,60,T,N,0,36.87,1,130,11578,497362258,AC
2023-01-26 20:54:42.233606941+00:00,2023-01-26 20:54:42.233594704+00:00,0,2,60,T,N,0,36.75,1,130,12237,501103771,AC
2023-01-26 20:56:34.218760564+00:00,2023-01-26 20:56:34.218748329+00:00,0,2,60,T,N,0,36.67,1,130,12235,506209474,AC
2023-01-26 20:57:00.019027076+00:00,2023-01-26 20:57:00.019012547+00:00,0,2,60,T,N,0,36.67,1,0,14529,507167048,AC
2023-01-26 20:57:00.019027076+00:00,2023-01-26 20:57:00.019012547+00:00,0,2,60,T,N,0,36.74,1,130,14529,507167049,AC
2023-01-26 20:58:38.302757494+00:00,2023-01-26 20:58:38.302746163+00:00,0,2,60,T,N,0,36.73,1,130,11331,512008114,AC
2023-01-26 20:58:48.694667495+00:00,2023-01-26 20:58:48.694656369+00:00,0,2,60,T,N,0,36.68,2,130,11126,512497783,AC
2023-01-26 20:58:59.014364749+00:00,2023-01-26 20:58:59.014351773+00:00,0,2,60,T,N,0,36.68,1,128,12976,513022580,AC
2023-01-26 20:59:09.271017216+00:00,2023-01-26 20:59:09.271004306+00:00,0,2,60,T,N,0,36.63,2,128,12910,513746281,AC
2023-01-26 20:59:37.082370430+00:00,2023-01-26 20:59:37.082358710+00:00,0,2,60,T,N,0,36.72,1,130,11720,515721993,AC
2023-01-26 20:59:55.462839238+00:00,2023-01-26 20:59:55.462826263+00:00,0,2,60,T,N,0,37.0,5,0,12975,517461133,AC
2023-01-26 20:59:55.462839238+00:00,2023-01-26 20:59:55.462826263+00:00,0,2,60,T,N,0,37.17,77,130,12975,517461134,AC
2023-01-27 14:30:42.241460546+00:00,2023-01-27 14:30:42.241448453+00:00,0,2,60,T,B,0,37.64,1,130,12093,27058833,AC
2023-01-27 14:30:59.989718891+00:00,2023-01-27 14:30:59.989706864+00:00,0,2,60,T,A,0,37.35,1,130,12027,27708545,AC
2023-01-27 14:37:21.511138424+00:00,2023-01-27 14:37:21.511125121+00:00,0,2,60,T,N,0,37.63,1,128,13303,40101933,AC
2023-01-27 14:37:28.510023795+00:00,2023-01-27 14:37:28.510012018+00:00,0,2,60,T,N,0,37.63,1,130,11777,40326776,AC
2023-01-27 14:47:08.148367680+00:00,2023-01-27 14:47:08.148355678+00:00,0,2,60,T,N,0,37.57,1,130,12002,58848970,AC
2023-01-27 17:09:01.027638584+00:00,2023-01-27 17:09:01.027626759+00:00,0,2,60,T,N,0,37.24,3,130,11825,251112377,AC
2023-01-27 20:37:27.931998699+00:00,2023-01-27 20:37:27.931985421+00:00,0,2,60,T,N,0,37.56,54,0,13278,430778366,AC
2023-01-27 20:37:27.931998699+00:00,2023-01-27 20:37:27.931985421+00:00,0,2,60,T,N,0,37.59,44,130,13278,430778367,AC
2023-01-27 20:37:27.932086698+00:00,2023-01-27 20:37:27.932071409+00:00,0,2,60,T,N,0,37.59,24,0,15289,430778369,AC
2023-01-27 20:37:27.932086698+00:00,2023-01-27 20:37:27.932071409+00:00,0,2,60,T,N,0,37.59,33,0,15289,430778370,AC
2023-01-27 20:37:27.932086698+00:00,2023-01-27 20:37:27.932071409+00:00,0,2,60,T,B,0,37.6,6,0,15289,430778371,AC
2023-01-27 20:37:27.932086698+00:00,2023-01-27 20:37:27.932071409+00:00,0,2,60,T,N,0,37.6,43,130,15289,430778372,AC
2023-01-27 20:54:13.425640724+00:00,2023-01-27 20:54:13.425628949+00:00,0,2,60,T,A,0,37.6,12,130,11775,455327227,AC
2023-01-27 20:59:52.045320756+00:00,2023-01-27 20:59:52.045307806+00:00,0,2,60,T,N,0,38.06,11,130,12950,473111336,AC
2023-01-27 20:59:53.363407462+00:00,2023-01-27 20:59:53.363394099+00:00,0,2,60,T,B,0,38.08,3,0,13363,473246419,AC
2023-01-27 20:59:53.363407462+00:00,2023-01-27 20:59:53.363394099+00:00,0,2,60,T,B,0,38.08,2,130,13363,473246420,AC
2023-01-27 20:59:55.097756139+00:00,2023-01-27 20:59:55.097741822+00:00,0,2,60,T,A,0,37.89,2,0,14317,473436236,AC
2023-01-27 20:59:55.097756139+00:00,2023-01-27 20:59:55.097741822+00:00,0,2,60,T,A,0,37.89,2,130,14317,473436237,AC
2023-01-30 15:38:24.934172987+00:00,2023-01-30 15:38:24.934162002+00:00,0,2,60,T,A,0,36.49,1,134,10985,148904861,AC
2023-01-30 15:38:35.014409579+00:00,2023-01-30 15:38:35.014398384+00:00,0,2,60,T,A,0,36.7,5,134,11195,149093855,AC
2023-01-30 19:12:56.847926639+00:00,2023-01-30 19:12:56.847912126+00:00,0,2,60,T,N,0,36.64,1,4,14513,380049248,AC
2023-01-30 19:12:56.847926639+00:00,2023-01-30 19:12:56.847912126+00:00,0,2,60,T,N,0,36.65,3,4,14513,380049249,AC
2023-01-30 19:12:56.847926639+00:00,2023-01-30 19:12:56.847912126+00:00,0,2,60,T,N,0,36.65,96,134,14513,380049250,AC
2023-01-30 19:21:23.755445964+00:00,2023-01-30 19:21:23.755434892+00:00,0,2,60,T,N,0,36.86,1,134,11072,387226460,AC
2023-01-30 20:29:47.732369437+00:00,2023-01-30 20:29:47.732357974+00:00,0,2,60,T,N,0,37.39,1,134,11463,448870673,AC
2023-01-30 20:30:17.659821167+00:00,2023-01-30 20:30:17.659808785+00:00,0,2,60,T,B,0,37.4,1,134,12382,449472192,AC
2023-01-30 20:50:31.402829095+00:00,2023-01-30 20:50:31.402818083+00:00,0,2,60,T,N,0,36.87,1,134,11012,475135107,AC
2023-01-31 15:34:19.358965478+00:00,2023-01-31 15:34:19.358954031+00:00,0,2,60,T,N,0,36.25,5,130,11447,153528968,AC
2023-01-31 15:34:53.833434350+00:00,2023-01-31 15:34:53.833421642+00:00,0,2,60,T,N,0,36.25,10,130,12708,154301859,AC
2023-01-31 15:35:00.546391628+00:00,2023-01-31 15:35:00.546379157+00:00,0,2,60,T,N,0,36.25,5,128,12471,154441016,AC
2023-01-31 15:35:01.609967634+00:00,2023-01-31 15:35:01.609956073+00:00,0,2,60,T,N,0,36.25,50,130,11561,154476370,AC
2023-01-31 15:35:01.970017835+00:00,2023-01-31 15:35:01.970005787+00:00,0,2,60,T,N,0,36.25,4,130,12048,154483611,AC
2023-01-31 15:42:30.407129324+00:00,2023-01-31 15:42:30.407117322+00:00,0,2,60,T,N,0,36.3,1,130,12002,164577049,AC
2023-01-31 15:42:43.156954653+00:00,2023-01-31 15:42:43.156942931+00:00,0,2,60,T,N,0,36.3,3,130,11722,164862797,AC
2023-01-31 15:42:45.685187324+00:00,2023-01-31 15:42:45.685175200+00:00,0,2,60,T,N,0,36.3,6,130,12124,164912518,AC
2023-01-31 15:42:49.753879331+00:00,2023-01-31 15:42:49.753866282+00:00,0,2,60,T,N,0,36.54,2,0,13049,164986381,AC
2023-01-31 15:42:49.753879331+00:00,2023-01-31 15:42:49.753866282+00:00,0,2,60,T,B,0,36.67,1,130,13049,164986382,AC
2023-01-31 15:43:09.305859990+00:00,2023-01-31 15:43:09.305848736+00:00,0,2,60,T,B,0,36.67,2,130,11254,165381263,AC
2023-01-31 15:43:12.313144281+00:00,2023-01-31 15:43:12.313130877+00:00,0,2,60,T,B,0,36.67,3,0,13404,165461909,AC
2023-01-31 15:43:19.382872052+00:00,2023-01-31 15:43:19.382859694+00:00,0,2,60,T,A,0,36.8,1,130,12358,165659568,AC
2023-01-31 16:48:14.125120289+00:00,2023-01-31 16:48:14.125108472+00:00,0,2,60,T,B,0,36.5,1,130,11817,243567196,AC
2023-01-31 16:56:25.378370575+00:00,2023-01-31 16:56:25.378359704+00:00,0,2,60,T,B,0,36.95,1,130,10871,251707650,AC
2023-01-31 16:56:53.195821501+00:00,2023-01-31 16:56:53.195808836+00:00,0,2,60,T,A,0,36.94,1,130,12665,252051576,AC
2023-01-31 16:56:59.825056232+00:00,2023-01-31 16:56:59.825043049+00:00,0,2,60,T,A,0,36.94,8,0,13183,252158617,AC
2023-01-31 16:56:59.830326579+00:00,2023-01-31 16:56:59.830315796+00:00,0,2,60,T,B,0,36.94,1,130,10783,252158673,AC
2023-01-31 17:01:02.755264319+00:00,2023-01-31 17:01:02.755252797+00:00,0,2,60,T,A,0,36.94,3,130,11522,256118995,AC
2023-01-31 17:01:08.679303713+00:00,2023-01-31 17:01:08.679290920+00:00,0,2,60,T,A,0,36.94,3,0,12793,256228205,AC
2023-01-31 17:01:08.679449640+00:00,2023-01-31 17:01:08.679438522+00:00,0,2,60,T,B,0,36.94,2,130,11118,256228212,AC
2023-01-31 17:02:02.721194230+00:00,2023-01-31 17:02:02.721182329+00:00,0,2,60,T,B,0,37.0,1,130,11901,257332064,AC
2023-01-31 17:03:28.322414673+00:00,2023-01-31 17:03:28.322402910+00:00,0,2,60,T,B,0,37.11,1,130,11763,258985577,AC
2023-01-31 18:43:40.189756236+00:00,2023-01-31 18:43:40.189744430+00:00,0,2,60,T,B,0,37.31,1,130,11806,336099779,AC
2023-01-31 18:46:14.894521035+00:00,2023-01-31 18:46:14.894509405+00:00,0,2,60,T,N,0,37.32,1,130,11630,338147661,AC
2023-01-31 18:52:58.656670153+00:00,2023-01-31 18:52:58.656658281+00:00,0,2,60,T,N,0,37.86,1,130,11872,343082757,AC
2023-01-31 18:58:20.844650216+00:00,2023-01-31 18:58:20.844638198+00:00,0,2,60,T,N,0,37.92,7,130,12018,346455631,AC
2023-01-31 20:49:15.294638097+00:00,2023-01-31 20:49:15.294626375+00:00,0,2,60,T,N,0,38.035,10,130,11722,440626267,AC
2023-01-31 20:49:51.470242545+00:00,2023-01-31 20:49:51.470230545+00:00,0,2,60,T,N,0,38.13,1,130,12000,441485064,AC
2023-02-01 14:46:53.958472370+00:00,2023-02-01 14:46:53.958306849+00:00,0,2,60,T,A,0,37.88,2,130,165521,57374797,AC
2023-02-01 14:52:14.272195462+00:00,2023-02-01 14:52:14.272028887+00:00,0,2,60,T,N,0,38.16,2,130,166575,67582236,AC
2023-02-01 15:28:29.059361464+00:00,2023-02-01 15:28:29.059196242+00:00,0,2,60,T,N,0,38.14,1,130,165222,134016631,AC
2023-02-01 16:32:46.007541622+00:00,2023-02-01 16:32:46.007375322+00:00,0,2,60,T,A,0,38.01,1,130,166300,216688101,AC
2023-02-01 16:59:07.562337711+00:00,2023-02-01 16:59:07.562172064+00:00,0,2,60,T,A,0,37.92,1,130,165647,241673568,AC
2023-02-01 17:06:57.188119337+00:00,2023-02-01 17:06:57.187953501+00:00,0,2,60,T,A,0,37.91,1,130,165836,249978176,AC
2023-02-01 17:12:51.713199321+00:00,2023-02-01 17:12:51.713032872+00:00,0,2,60,T,A,0,37.72,1,130,166449,255864467,AC
2023-02-01 17:16:30.273445+00:00,2023-02-01 17:16:30.273279225+00:00,0,2,60,T,B,0,37.7,1,130,165775,259407842,AC
2023-02-01 17:18:46.042921440+00:00,2023-02-01 17:18:46.042755396+00:00,0,2,60,T,A,0,37.71,1,130,166044,261562718,AC
2023-02-01 17:26:30.092911303+00:00,2023-02-01 17:26:30.092742163+00:00,0,2,60,T,N,0,37.77,8,0,169140,268446562,AC
2023-02-01 17:26:30.092911303+00:00,2023-02-01 17:26:30.092742163+00:00,0,2,60,T,N,0,37.85,6,0,169140,268446563,AC
2023-02-01 17:26:30.092911303+00:00,2023-02-01 17:26:30.092742163+00:00,0,2,60,T,N,0,37.94,2,130,169140,268446564,AC
2023-02-01 17:26:30.237194827+00:00,2023-02-01 17:26:30.237023958+00:00,0,2,60,T,N,0,37.7,5,0,170869,268448649,AC
2023-02-01 17:26:30.237194827+00:00,2023-02-01 17:26:30.237023958+00:00,0,2,60,T,B,0,38.07,8,0,170869,268448650,AC
2023-02-01 17:26:30.237194827+00:00,2023-02-01 17:26:30.237023958+00:00,0,2,60,T,B,0,38.07,8,0,170869,268448651,AC
2023-02-01 17:26:30.237194827+00:00,2023-02-01 17:26:30.237023958+00:00,0,2,60,T,N,0,38.07,3,130,170869,268448652,AC
2023-02-01 18:03:20.988673287+00:00,2023-02-01 18:03:20.988507927+00:00,0,2,60,T,A,0,37.86,1,130,165360,300314768,AC
2023-02-01 18:07:19.301261543+00:00,2023-02-01 18:07:19.301095894+00:00,0,2,60,T,A,0,37.86,1,130,165649,303905715,AC
2023-02-01 18:09:18.444263839+00:00,2023-02-01 18:09:18.444098206+00:00,0,2,60,T,A,0,37.86,1,130,165633,305424080,AC
2023-02-01 18:11:17.600571057+00:00,2023-02-01 18:11:17.600405099+00:00,0,2,60,T,A,0,37.86,1,130,165958,307162609,AC
2023-02-01 18:15:15.931313785+00:00,2023-02-01 18:15:15.931148776+00:00,0,2,60,T,A,0,37.86,1,130,165009,310337230,AC
2023-02-01 18:17:15.062538697+00:00,2023-02-01 18:17:15.062371152+00:00,0,2,60,T,A,0,37.86,1,128,167545,312097906,AC
2023-02-01 18:29:04.022776055+00:00,2023-02-01 18:29:04.022605903+00:00,0,2,60,T,A,0,37.86,1,128,170152,321480308,AC
2023-02-01 19:03:30.851756923+00:00,2023-02-01 19:03:30.851591083+00:00,0,2,60,T,A,0,37.91,1,130,165840,359673054,AC
2023-02-01 19:10:23.162067923+00:00,2023-02-01 19:10:23.161901940+00:00,0,2,60,T,N,0,37.87,1,130,165983,373750509,AC
2023-02-01 19:16:55.990467243+00:00,2023-02-01 19:16:55.990301457+00:00,0,2,60,T,N,0,37.87,1,130,165786,387620549,AC
2023-02-01 19:19:32.267065911+00:00,2023-02-01 19:19:32.266900471+00:00,0,2,60,T,N,0,37.86,1,130,165440,393596311,AC
2023-02-01 19:20:40.992219084+00:00,2023-02-01 19:20:40.992052964+00:00,0,2,60,T,N,0,37.86,1,130,166120,395349416,AC
2023-02-01 19:25:28.360218877+00:00,2023-02-01 19:25:28.360053246+00:00,0,2,60,T,N,0,37.86,1,130,165631,402185732,AC
2023-02-01 19:31:22.508453580+00:00,2023-02-01 19:31:22.508287733+00:00,0,2,60,T,N,0,37.86,1,130,165847,413832536,AC
2023-02-01 19:33:50.948749213+00:00,2023-02-01 19:33:50.948584101+00:00,0,2,60,T,A,0,37.81,1,130,165112,426095524,AC
2023-02-01 19:38:31.001635597+00:00,2023-02-01 19:38:31.001469576+00:00,0,2,60,T,A,0,37.9,1,130,166021,448844391,AC
2023-02-01 19:47:33.435172533+00:00,2023-02-01 19:47:33.435002076+00:00,0,2,60,T,N,0,37.88,5,0,170457,488142303,AC
2023-02-01 19:47:33.435172533+00:00,2023-02-01 19:47:33.435002076+00:00,0,2,60,T,N,0,37.96,4,128,170457,488142304,AC
2023-02-01 19:47:54.828049062+00:00,2023-02-01 19:47:54.827875274+00:00,0,2,60,T,B,0,38.3,9,128,173788,489520952,AC
2023-02-01 19:51:20.650847802+00:00,2023-02-01 19:51:20.650682485+00:00,0,2,60,T,A,0,38.57,1,130,165317,501757125,AC
2023-02-01 20:01:12.155182105+00:00,2023-02-01 20:01:12.155016658+00:00,0,2,60,T,N,0,38.67,13,130,165447,532133002,AC
2023-02-01 20:26:44.476654025+00:00,2023-02-01 20:26:44.476487278+00:00,0,2,60,T,N,0,38.4,5,130,166747,589011384,AC
2023-02-01 20:32:58.818398349+00:00,2023-02-01 20:32:58.818232667+00:00,0,2,60,T,N,0,38.43,1,130,165682,600623040,AC
2023-02-01 20:35:38.696822203+00:00,2023-02-01 20:35:38.696655809+00:00,0,2,60,T,N,0,38.43,5,128,166394,605895574,AC
2023-02-01 20:39:41.598225121+00:00,2023-02-01 20:39:41.598058206+00:00,0,2,60,T,N,0,38.73,5,130,166915,615574334,AC
2023-02-01 20:39:54.108916366+00:00,2023-02-01 20:39:54.108737155+00:00,0,2,60,T,N,0,38.73,1,0,179211,616090535,AC
2023-02-01 20:39:54.108916366+00:00,2023-02-01 20:39:54.108737155+00:00,0,2,60,T,B,0,38.79,4,128,179211,616090536,AC
2023-02-01 20:41:48.254523024+00:00,2023-02-01 20:41:48.254357225+00:00,0,2,60,T,N,0,38.81,1,130,165799,620942464,AC
2023-02-01 20:44:29.697654961+00:00,2023-02-01 20:44:29.697489608+00:00,0,2,60,T,N,0,38.82,1,130,165353,627495167,AC
2023-02-01 20:45:35.274344615+00:00,2023-02-01 20:45:35.274178861+00:00,0,2,60,T,N,0,38.82,1,130,165754,629734510,AC
2023-02-01 20:51:27.548551007+00:00,2023-02-01 20:51:27.548385823+00:00,0,2,60,T,A,0,38.78,5,130,165184,645765579,AC
2023-02-01 20:51:29.732755571+00:00,2023-02-01 20:51:29.732588228+00:00,0,2,60,T,A,0,38.78,1,0,167343,645856291,AC
2023-02-01 20:51:29.732755571+00:00,2023-02-01 20:51:29.732588228+00:00,0,2,60,T,A,0,38.78,6,130,167343,645856292,AC
2023-02-01 20:59:34.897767806+00:00,2023-02-01 20:59:34.897602357+00:00,0,2,60,T,N,0,38.83,6,130,165449,672648270,AC
2023-02-02 15:08:51.996885176+00:00,2023-02-02 15:08:51.996719458+00:00,0,2,60,T,B,0,38.25,7,130,165718,136728562,AC
2023-02-02 16:00:02.948023516+00:00,2023-02-02 16:00:02.947857816+00:00,0,2,60,T,N,0,39.61,1,130,165700,237373969,AC
2023-02-02 16:01:20.920127726+00:00,2023-02-02 16:01:20.919961089+00:00,0,2,60,T,N,0,39.55,1,130,166637,240341006,AC
2023-02-02 16:03:45.070027575+00:00,2023-02-02 16:03:45.069861896+00:00,0,2,60,T,N,0,39.48,1,130,165679,244305481,AC
2023-02-02 16:07:05.057370789+00:00,2023-02-02 16:07:05.057203643+00:00,0,2,60,T,B,0,38.92,1,0,167146,249377078,AC
2023-02-02 16:07:05.058327190+00:00,2023-02-02 16:07:05.058161538+00:00,0,2,60,T,A,0,38.95,7,130,165652,249377088,AC
2023-02-02 16:10:30.836084513+00:00,2023-02-02 16:10:30.835918439+00:00,0,2,60,T,B,0,39.0,4,130,166074,254508562,AC
2023-02-02 18:00:52.060598525+00:00,2023-02-02 18:00:52.060432827+00:00,0,2,60,T,N,0,38.61,19,130,165698,389765285,AC
2023-02-02 20:59:47.516674615+00:00,2023-02-02 20:59:47.516506647+00:00,0,2,60,T,N,0,38.015,2,128,167968,658612728,AC
2023-02-03 19:12:40.382825672+00:00,2023-02-03 19:12:40.382660501+00:00,0,2,60,T,N,0,37.1,7,130,165171,507246544,AC
2023-02-03 19:13:38.368288302+00:00,2023-02-03 19:13:38.368122756+00:00,0,2,60,T,N,0,37.1,4,130,165546,508654252,AC
2023-02-07 17:57:09.829519912+00:00,2023-02-07 17:57:09.829352820+00:00,0,2,60,T,B,0,36.61,3,128,167092,326591762,AC
2023-02-07 18:02:16.717398308+00:00,2023-02-07 18:02:16.717233140+00:00,0,2,60,T,B,0,37.4,90,130,165168,341124043,AC
2023-02-07 18:02:17.524270410+00:00,2023-02-07 18:02:17.524103441+00:00,0,2,60,T,B,0,37.4,23,0,166969,341290589,AC
2023-02-07 18:02:17.524270410+00:00,2023-02-07 18:02:17.524103441+00:00,0,2,60,T,B,0,37.4,9,0,166969,341290590,AC
2023-02-07 18:02:17.524270410+00:00,2023-02-07 18:02:17.524103441+00:00,0,2,60,T,B,0,37.4,81,130,166969,341290591,AC
2023-02-07 18:04:26.778598059+00:00,2023-02-07 18:04:26.778433319+00:00,0,2,60,T,A,0,36.6,1,130,164740,347683017,AC
2023-02-07 18:04:26.779296672+00:00,2023-02-07 18:04:26.779130300+00:00,0,2,60,T,B,0,36.66,1,0,166372,347683021,AC
2023-02-07 18:04:26.779296672+00:00,2023-02-07 18:04:26.779130300+00:00,0,2,60,T,B,0,36.66,3,130,166372,347683022,AC
2023-02-07 18:39:25.653553755+00:00,2023-02-07 18:39:25.653388513+00:00,0,2,60,T,A,0,37.08,6,130,165242,452799101,AC
2023-02-07 18:39:25.653813519+00:00,2023-02-07 18:39:25.653649042+00:00,0,2,60,T,A,0,37.08,94,130,164477,452799102,AC
2023-02-08 14:39:06.305440271+00:00,2023-02-08 14:39:06.305275531+00:00,0,2,60,T,A,0,37.03,90,130,164740,42837516,AC
2023-02-08 14:39:29.097797151+00:00,2023-02-08 14:39:29.097632130+00:00,0,2,60,T,B,0,38.22,90,130,165021,43605783,AC
2023-02-08 14:42:34.507694574+00:00,2023-02-08 14:42:34.507530234+00:00,0,2,60,T,A,0,37.1,90,130,164340,49722454,AC
2023-02-08 14:42:56.774037163+00:00,2023-02-08 14:42:56.773872955+00:00,0,2,60,T,B,0,38.12,90,130,164208,50405263,AC
2023-02-08 14:45:02.914804726+00:00,2023-02-08 14:45:02.914638555+00:00,0,2,60,T,N,0,37.15,30,0,166171,54763920,AC
2023-02-08 14:45:02.914804726+00:00,2023-02-08 14:45:02.914638555+00:00,0,2,60,T,A,0,37.1,60,130,166171,54763921,AC
2023-02-08 14:45:02.914879276+00:00,2023-02-08 14:45:02.914714190+00:00,0,2,60,T,A,0,37.1,30,130,165086,54763925,AC
2023-02-08 14:49:02.199809430+00:00,2023-02-08 14:49:02.199643588+00:00,0,2,60,T,A,0,37.21,70,130,165842,63227883,AC
2023-02-08 14:49:45.024492227+00:00,2023-02-08 14:49:45.024325724+00:00,0,2,60,T,N,0,37.85,25,0,166503,64808705,AC
2023-02-08 14:49:45.024492227+00:00,2023-02-08 14:49:45.024325724+00:00,0,2,60,T,B,0,37.9,71,130,166503,64808706,AC
2023-02-08 14:52:40.494227231+00:00,2023-02-08 14:52:40.494062758+00:00,0,2,60,T,A,0,37.31,85,130,164473,72104727,AC
2023-02-08 14:53:05.790928007+00:00,2023-02-08 14:53:05.790762914+00:00,0,2,60,T,N,0,37.83,1,130,165093,73060031,AC
2023-02-08 15:10:07.091754575+00:00,2023-02-08 15:10:07.091589771+00:00,0,2,60,T,B,0,37.01,1,130,164804,108895926,AC
2023-02-08 15:13:41.953146380+00:00,2023-02-08 15:13:41.952981720+00:00,0,2,60,T,B,0,37.2,47,130,164660,115304682,AC
2023-02-08 15:13:52.263210962+00:00,2023-02-08 15:13:52.263044292+00:00,0,2,60,T,N,0,37.1,40,0,166670,115639358,AC
2023-02-08 15:13:52.263210962+00:00,2023-02-08 15:13:52.263044292+00:00,0,2,60,T,A,0,36.79,7,130,166670,115639359,AC
2023-02-08 15:14:48.601794815+00:00,2023-02-08 15:14:48.601630143+00:00,0,2,60,T,B,0,37.49,86,130,164672,117163233,AC
2023-02-08 15:15:39.257672484+00:00,2023-02-08 15:15:39.257507848+00:00,0,2,60,T,N,0,37.47,1,130,164636,118708763,AC
2023-02-08 15:15:41.879279748+00:00,2023-02-08 15:15:41.879115264+00:00,0,2,60,T,A,0,36.91,87,130,164484,118814512,AC
2023-02-08 15:16:19.150709949+00:00,2023-02-08 15:16:19.150545614+00:00,0,2,60,T,B,0,37.26,1,130,164335,120043797,AC
2023-02-08 15:18:19.829110828+00:00,2023-02-08 15:18:19.828945932+00:00,0,2,60,T,N,0,37.02,1,130,164896,123634734,AC
2023-02-08 15:19:46.484662977+00:00,2023-02-08 15:19:46.484498190+00:00,0,2,60,T,N,0,37.02,95,130,164787,126045244,AC
2023-02-08 15:19:48.867588705+00:00,2023-02-08 15:19:48.867423551+00:00,0,2,60,T,A,0,36.99,95,130,165154,126101235,AC
2023-02-08 15:20:00.163191371+00:00,2023-02-08 15:20:00.163026336+00:00,0,2,60,T,N,0,36.9,6,130,165035,126443589,AC
2023-02-08 15:20:00.399072620+00:00,2023-02-08 15:20:00.398906337+00:00,0,2,60,T,N,0,36.9,94,0,166283,126448317,AC
2023-02-08 15:20:00.399072620+00:00,2023-02-08 15:20:00.398906337+00:00,0,2,60,T,N,0,36.64,63,130,166283,126448318,AC
2023-02-08 15:20:41.984581682+00:00,2023-02-08 15:20:41.984416628+00:00,0,2,60,T,B,0,37.41,50,130,165054,127719969,AC
2023-02-08 15:20:55.469894871+00:00,2023-02-08 15:20:55.469730170+00:00,0,2,60,T,A,0,37.0,50,130,164701,128091329,AC
2023-02-08 15:21:32.909840172+00:00,2023-02-08 15:21:32.909675403+00:00,0,2,60,T,N,0,37.39,1,130,164769,129126329,AC
2023-02-08 15:23:51.105953601+00:00,2023-02-08 15:23:51.105789252+00:00,0,2,60,T,A,0,37.19,48,130,164349,132948890,AC
2023-02-08 15:33:55.519756049+00:00,2023-02-08 15:33:55.519589872+00:00,0,2,60,T,A,0,37.3,2,130,166177,151218520,AC
2023-02-08 15:35:21.062710600+00:00,2023-02-08 15:35:21.062545616+00:00,0,2,60,T,A,0,37.1,3,130,164984,153450192,AC
2023-02-08 15:35:21.063250109+00:00,2023-02-08 15:35:21.063083226+00:00,0,2,60,T,N,0,37.04,50,0,166883,153450202,AC
2023-02-08 15:35:21.063250109+00:00,2023-02-08 15:35:21.063083226+00:00,0,2,60,T,A,0,37.0,50,130,166883,153450203,AC
2023-02-08 18:54:15.994222967+00:00,2023-02-08 18:54:15.994057913+00:00,0,2,60,T,A,0,37.0,1,130,165054,393051053,AC
2023-02-08 20:49:50.076063904+00:00,2023-02-08 20:49:50.075898245+00:00,0,2,60,T,N,0,37.25,50,130,165659,520761204,AC
2023-02-08 20:54:01.570393292+00:00,2023-02-08 20:54:01.570192790+00:00,0,2,60,T,B,0,37.37,26,128,200502,530460597,AC
2023-02-08 21:01:44.390955825+00:00,2023-02-08 21:01:44.390791521+00:00,0,2,60,T,B,0,36.98,10,130,164304,554673934,AC
2023-02-08 21:02:06.890671642+00:00,2023-02-08 21:02:06.890506785+00:00,0,2,60,T,B,0,36.98,10,130,164857,554709939,AC
2023-02-08 21:02:15.403719767+00:00,2023-02-08 21:02:15.403555598+00:00,0,2,60,T,B,0,36.98,10,130,164169,554722957,AC
2023-02-08 21:02:27.854675433+00:00,2023-02-08 21:02:27.854510277+00:00,0,2,60,T,B,0,37.12,10,130,165156,554739978,AC
2023-02-08 21:02:42.668286592+00:00,2023-02-08 21:02:42.668122476+00:00,0,2,60,T,B,0,37.12,10,130,164116,554761214,AC
2023-02-08 21:03:07.993125415+00:00,2023-02-08 21:03:07.992961006+00:00,0,2,60,T,B,0,37.02,10,130,164409,554796276,AC
2023-02-08 21:03:19.569253243+00:00,2023-02-08 21:03:19.569089098+00:00,0,2,60,T,B,0,37.09,15,130,164145,554810485,AC
2023-02-09 14:46:47.831232424+00:00,2023-02-09 14:46:47.831066781+00:00,0,2,60,T,N,0,38.92,1,130,165643,61390796,AC
2023-02-09 15:38:44.971197010+00:00,2023-02-09 15:38:44.971031047+00:00,0,2,60,T,B,0,36.59,1,130,165963,162318069,AC
2023-02-09 15:48:13.450160940+00:00,2023-02-09 15:48:13.449994107+00:00,0,2,60,T,N,0,36.62,1,130,166833,177900976,AC
2023-02-09 16:25:47.792889699+00:00,2023-02-09 16:25:47.792722394+00:00,0,2,60,T,B,0,36.81,3,0,167305,237291044,AC
2023-02-09 16:25:47.792889699+00:00,2023-02-09 16:25:47.792722394+00:00,0,2,60,T,B,0,36.81,11,130,167305,237291045,AC
2023-02-09 19:27:37.049385678+00:00,2023-02-09 19:27:37.049219733+00:00,0,2,60,T,N,0,37.225,1,130,165945,457217763,AC
2023-02-09 20:44:59.077349606+00:00,2023-02-09 20:44:59.077171635+00:00,0,2,60,T,N,0,37.25,2,128,177971,554532198,AC
2023-02-10 14:32:56.834128163+00:00,2023-02-10 14:32:56.833962555+00:00,0,2,60,T,N,0,37.37,1,130,165608,44146778,AC
2023-02-10 14:32:58.994556331+00:00,2023-02-10 14:32:58.994391556+00:00,0,2,60,T,N,0,37.37,1,130,164775,44211560,AC
2023-02-10 14:33:41.868280184+00:00,2023-02-10 14:33:41.868113349+00:00,0,2,60,T,N,0,36.5,6,130,166835,45840710,AC
2023-02-10 14:34:03.691308712+00:00,2023-02-10 14:34:03.691143776+00:00,0,2,60,T,A,0,36.7,7,130,164936,46630411,AC
2023-02-10 14:34:03.691373271+00:00,2023-02-10 14:34:03.691208629+00:00,0,2,60,T,A,0,36.7,4,130,164642,46630417,AC
2023-02-10 14:34:03.691390368+00:00,2023-02-10 14:34:03.691225608+00:00,0,2,60,T,A,0,36.7,12,130,164760,46630418,AC
2023-02-10 15:18:25.008830954+00:00,2023-02-10 15:18:25.008664982+00:00,0,2,60,T,N,0,36.44,1,130,165972,149687277,AC
2023-02-10 16:03:54.950021383+00:00,2023-02-10 16:03:54.949855631+00:00,0,2,60,T,N,0,36.88,1,130,165752,234992351,AC
2023-02-10 16:22:35.317455737+00:00,2023-02-10 16:22:35.317290034+00:00,0,2,60,T,B,0,37.07,4,130,165703,263068283,AC
2023-02-10 16:56:16.891944950+00:00,2023-02-10 16:56:16.891779490+00:00,0,2,60,T,N,0,37.1,1,130,165460,306493423,AC
2023-02-10 18:34:02.672102368+00:00,2023-02-10 18:34:02.671936902+00:00,0,2,60,T,B,0,37.29,9,130,165466,419697447,AC
2023-02-10 20:30:18.724771610+00:00,2023-02-10 20:30:18.724606287+00:00,0,2,60,T,N,0,37.04,4,130,165323,535568433,AC
2023-02-10 20:56:31.551449122+00:00,2023-02-10 20:56:31.551282982+00:00,0,2,60,T,N,0,36.53,10,0,166140,576979462,AC
2023-02-10 20:56:31.551525137+00:00,2023-02-10 20:56:31.551359840+00:00,0,2,60,T,B,0,36.49,4,130,165297,576979464,AC
2023-02-13 20:19:09.396760450+00:00,2023-02-13 20:19:09.396595148+00:00,0,2,60,T,N,0,38.15,2,130,165302,410140465,AC
2023-02-13 20:59:00.375479592+00:00,2023-02-13 20:59:00.375314892+00:00,0,2,60,T,B,0,37.82,1,130,164700,467010629,AC
2023-02-13 20:59:30.324421725+00:00,2023-02-13 20:59:30.324255921+00:00,0,2,60,T,N,0,37.7,24,130,165804,469100760,AC
2023-02-14 18:57:32.191387214+00:00,2023-02-14 18:57:32.191220762+00:00,0,2,60,T,B,0,37.41,9,130,166452,538554293,AC
2023-02-14 20:59:48.040653401+00:00,2023-02-14 20:59:48.040487853+00:00,0,2,60,T,N,0,37.32,69,130,165548,703344805,AC
2023-02-14 20:59:49.371902650+00:00,2023-02-14 20:59:49.371735055+00:00,0,2,60,T,N,0,37.32,10,0,167595,703443980,AC
2023-02-14 20:59:49.371902650+00:00,2023-02-14 20:59:49.371735055+00:00,0,2,60,T,N,0,37.33,7,130,167595,703443981,AC
2023-02-15 14:48:26.628749576+00:00,2023-02-15 14:48:26.628582779+00:00,0,2,60,T,N,0,37.79,4,130,166797,67050669,AC
2023-02-15 14:59:25.005079837+00:00,2023-02-15 14:59:25.004914691+00:00,0,2,60,T,N,0,37.79,1,130,165146,89774085,AC
2023-02-15 14:59:50.005983747+00:00,2023-02-15 14:59:50.005791492+00:00,0,2,60,T,N,0,37.79,1,128,192255,90249185,AC
2023-02-15 20:55:49.298760260+00:00,2023-02-15 20:55:49.298594268+00:00,0,2,60,T,N,0,37.67,23,0,165992,496035413,AC
2023-02-15 20:55:49.298887677+00:00,2023-02-15 20:55:49.298722230+00:00,0,2,60,T,A,0,37.82,46,130,165447,496035423,AC
2023-02-15 20:55:49.298961895+00:00,2023-02-15 20:55:49.298797094+00:00,0,2,60,T,A,0,37.82,31,130,164801,496035429,AC
2023-02-15 20:56:15.971336560+00:00,2023-02-15 20:56:15.971171799+00:00,0,2,60,T,A,0,37.82,49,130,164761,497303028,AC
2023-02-15 20:56:15.971418585+00:00,2023-02-15 20:56:15.971253833+00:00,0,2,60,T,A,0,37.82,34,130,164752,497303029,AC
2023-02-16 19:26:53.316715316+00:00,2023-02-16 19:26:53.316549465+00:00,0,2,60,T,N,0,38.05,1,130,165851,423879831,AC
2023-02-16 19:27:00.576232908+00:00,2023-02-16 19:27:00.576067520+00:00,0,2,60,T,N,0,38.05,2,130,165388,423965680,AC
2023-02-16 19:27:25.966132294+00:00,2023-02-16 19:27:25.965966620+00:00,0,2,60,T,N,0,38.05,1,130,165674,424296973,AC
2023-02-16 19:27:58.248060206+00:00,2023-02-16 19:27:58.247894322+00:00,0,2,60,T,N,0,38.05,1,130,165884,424658401,AC
2023-02-16 19:35:02.250734273+00:00,2023-02-16 19:35:02.250568637+00:00,0,2,60,T,A,0,38.1,1,130,165636,430253442,AC
2023-02-16 19:37:08.003077732+00:00,2023-02-16 19:37:08.002912218+00:00,0,2,60,T,N,0,38.11,1,130,165514,432036358,AC
2023-02-16 20:34:44.206179687+00:00,2023-02-16 20:34:44.206013760+00:00,0,2,60,T,N,0,37.83,1,130,165927,505833535,AC
2023-02-16 20:37:05.347351310+00:00,2023-02-16 20:37:05.347185950+00:00,0,2,60,T,A,0,37.38,62,130,165360,510584204,AC
2023-02-16 20:37:05.351410698+00:00,2023-02-16 20:37:05.351243579+00:00,0,2,60,T,A,0,37.38,38,0,167119,510584272,AC
2023-02-16 20:37:05.351410698+00:00,2023-02-16 20:37:05.351243579+00:00,0,2,60,T,N,0,37.04,50,130,167119,510584273,AC
2023-02-16 20:52:31.981629451+00:00,2023-02-16 20:52:31.981464102+00:00,0,2,60,T,A,0,37.31,1,130,165349,539405994,AC
2023-02-16 20:54:18.175430517+00:00,2023-02-16 20:54:18.175264307+00:00,0,2,60,T,A,0,37.17,2,130,166210,543151135,AC
2023-02-16 20:54:51.929300153+00:00,2023-02-16 20:54:51.929134384+00:00,0,2,60,T,A,0,37.12,1,130,165769,544596992,AC
2023-02-16 20:56:44.155442873+00:00,2023-02-16 20:56:44.155276999+00:00,0,2,60,T,A,0,37.09,1,130,165874,551006956,AC
2023-02-16 20:58:08.806027382+00:00,2023-02-16 20:58:08.805861226+00:00,0,2,60,T,A,0,37.1,1,130,166156,555505925,AC
2023-02-17 14:32:10.060320276+00:00,2023-02-17 14:32:10.060155377+00:00,0,2,60,T,A,0,37.2,1,130,164899,28160401,AC
2023-02-17 14:54:40.051364592+00:00,2023-02-17 14:54:40.051197563+00:00,0,2,60,T,A,0,37.19,1,0,167029,77093405,AC
2023-02-17 14:54:40.051364592+00:00,2023-02-17 14:54:40.051197563+00:00,0,2,60,T,N,0,37.17,30,130,167029,77093406,AC
2023-02-17 15:16:57.706878988+00:00,2023-02-17 15:16:57.706711789+00:00,0,2,60,T,A,0,37.3,1,0,167199,123429041,AC
2023-02-17 15:16:57.706878988+00:00,2023-02-17 15:16:57.706711789+00:00,0,2,60,T,A,0,37.25,1,128,167199,123429042,AC
2023-02-17 16:12:55.123109769+00:00,2023-02-17 16:12:55.122944414+00:00,0,2,60,T,N,0,37.5,20,130,165355,221618856,AC
2023-02-17 16:24:17.250027759+00:00,2023-02-17 16:24:17.249862828+00:00,0,2,60,T,N,0,37.545,4,130,164931,235991850,AC
2023-02-17 16:38:52.799484571+00:00,2023-02-17 16:38:52.799319673+00:00,0,2,60,T,N,0,37.49,4,130,164898,256622301,AC
2023-02-17 18:13:34.353156940+00:00,2023-02-17 18:13:34.352991465+00:00,0,2,60,T,A,0,37.37,3,130,165475,354335177,AC
2023-02-17 19:42:08.237711522+00:00,2023-02-17 19:42:08.237546612+00:00,0,2,60,T,N,0,37.19,4,130,164910,438811815,AC
2023-02-17 19:49:14.970951297+00:00,2023-02-17 19:49:14.970785038+00:00,0,2,60,T,A,0,37.07,4,0,166259,445323557,AC
2023-02-17 19:49:14.970951297+00:00,2023-02-17 19:49:14.970785038+00:00,0,2,60,T,A,0,37.07,21,130,166259,445323558,AC
2023-02-17 19:55:00.463245032+00:00,2023-02-17 19:55:00.463079269+00:00,0,2,60,T,B,0,37.25,2,0,165763,450993980,AC
2023-02-17 19:55:00.463245032+00:00,2023-02-17 19:55:00.463079269+00:00,0,2,60,T,B,0,37.25,98,130,165763,450993981,AC
2023-02-17 19:55:00.463380194+00:00,2023-02-17 19:55:00.463215586+00:00,0,2,60,T,B,0,37.25,2,130,164608,450993988,AC
2023-02-17 19:56:45.494972163+00:00,2023-02-17 19:56:45.494803789+00:00,0,2,60,T,N,0,37.29,4,0,168374,452660696,AC
2023-02-17 19:56:45.494972163+00:00,2023-02-17 19:56:45.494803789+00:00,0,2,60,T,N,0,37.3,18,0,168374,452660697,AC
2023-02-17 19:56:45.494972163+00:00,2023-02-17 19:56:45.494803789+00:00,0,2,60,T,B,0,37.31,78,130,168374,452660698,AC
2023-02-17 19:56:45.495112060+00:00,2023-02-17 19:56:45.494947264+00:00,0,2,60,T,B,0,37.31,22,130,164796,452660701,AC
2023-02-21 20:58:34.273878569+00:00,2023-02-21 20:58:34.273707747+00:00,0,2,60,T,N,0,35.52,8,128,170822,505429550,AC
2023-02-21 20:59:46.147317955+00:00,2023-02-21 20:59:46.147152675+00:00,0,2,60,T,N,0,35.52,50,130,165280,509980270,AC
2023-02-21 20:59:55.129442720+00:00,2023-02-21 20:59:55.129276460+00:00,0,2,60,T,N,0,35.94,7,128,166260,510880556,AC
2023-02-22 14:40:50.103150034+00:00,2023-02-22 14:40:50.102984060+00:00,0,2,60,T,N,0,36.73,4,130,165974,46177742,AC
2023-02-22 14:40:50.127070306+00:00,2023-02-22 14:40:50.126904582+00:00,0,2,60,T,N,0,36.75,2,130,165724,46178225,AC
2023-02-22 15:39:38.820942932+00:00,2023-02-22 15:39:38.820777438+00:00,0,2,60,T,N,0,36.12,1,130,165494,155668148,AC
2023-02-22 20:59:46.377543218+00:00,2023-02-22 20:59:46.377378095+00:00,0,2,60,T,N,0,36.15,45,130,165123,598672888,AC
2023-02-22 20:59:50.346749688+00:00,2023-02-22 20:59:50.346583829+00:00,0,2,60,T,N,0,36.15,1,130,165859,599061672,AC
2023-02-22 20:59:56.397884310+00:00,2023-02-22 20:59:56.397717888+00:00,0,2,60,T,N,0,36.14,16,130,166422,599723260,AC
2023-02-23 16:16:38.017810337+00:00,2023-02-23 16:16:38.017645559+00:00,0,2,60,T,B,0,36.3,5,130,164778,225277995,AC
2023-02-23 16:16:38.059317666+00:00,2023-02-23 16:16:38.059152687+00:00,0,2,60,T,N,0,36.26,1,130,164979,225278255,AC
2023-02-23 16:17:52.341597507+00:00,2023-02-23 16:17:52.341427448+00:00,0,2,60,T,N,0,36.24,8,0,170059,226794846,AC
2023-02-23 16:17:52.341597507+00:00,2023-02-23 16:17:52.341427448+00:00,0,2,60,T,N,0,36.26,3,0,170059,226794847,AC
2023-02-23 16:17:52.341597507+00:00,2023-02-23 16:17:52.341427448+00:00,0,2,60,T,N,0,36.29,51,0,170059,226794848,AC
2023-02-23 16:17:52.341597507+00:00,2023-02-23 16:17:52.341427448+00:00,0,2,60,T,B,0,36.3,38,130,170059,226794849,AC
2023-02-23 16:17:52.341667387+00:00,2023-02-23 16:17:52.341502728+00:00,0,2,60,T,B,0,36.3,5,130,164659,226794850,AC
2023-02-23 16:17:52.341694876+00:00,2023-02-23 16:17:52.341529815+00:00,0,2,60,T,B,0,36.3,57,130,165061,226794851,AC
2023-02-23 16:25:24.548666944+00:00,2023-02-23 16:25:24.548501857+00:00,0,2,60,T,B,0,36.35,24,130,165087,236921848,AC
2023-02-23 16:27:22.232613935+00:00,2023-02-23 16:27:22.232449322+00:00,0,2,60,T,B,0,36.33,1,130,164613,239691670,AC
2023-02-23 16:39:53.466280949+00:00,2023-02-23 16:39:53.466115858+00:00,0,2,60,T,B,0,36.48,6,130,165091,256643889,AC
2023-02-23 16:43:29.489503316+00:00,2023-02-23 16:43:29.489335949+00:00,0,2,60,T,N,0,36.5,100,128,167367,261731462,AC
2023-02-23 18:09:18.966969883+00:00,2023-02-23 18:09:18.966803653+00:00,0,2,60,T,N,0,36.67,2,128,166230,359016019,AC
2023-02-23 19:15:49.878734940+00:00,2023-02-23 19:15:49.878570778+00:00,0,2,60,T,B,0,36.62,4,130,164162,424730557,AC
2023-02-23 19:33:42.475920483+00:00,2023-02-23 19:33:42.475751734+00:00,0,2,60,T,N,0,36.8,13,0,168749,446084636,AC
2023-02-23 19:33:42.475920483+00:00,2023-02-23 19:33:42.475751734+00:00,0,2,60,T,N,0,36.82,10,0,168749,446084637,AC
2023-02-23 19:33:42.475920483+00:00,2023-02-23 19:33:42.475751734+00:00,0,2,60,T,N,0,36.82,2,0,168749,446084638,AC
2023-02-23 19:33:42.475920483+00:00,2023-02-23 19:33:42.475751734+00:00,0,2,60,T,B,0,36.84,2,130,168749,446084639,AC
2023-02-23 19:33:42.476050109+00:00,2023-02-23 19:33:42.475884053+00:00,0,2,60,T,B,0,36.84,9,0,166056,446084642,AC
2023-02-23 19:33:42.476050109+00:00,2023-02-23 19:33:42.475884053+00:00,0,2,60,T,B,0,36.84,16,130,166056,446084643,AC
2023-02-23 19:50:11.607710272+00:00,2023-02-23 19:50:11.607503358+00:00,0,2,60,T,B,0,36.85,4,130,206914,463418340,AC
2023-02-23 20:35:13.985805738+00:00,2023-02-23 20:35:13.985640319+00:00,0,2,60,T,B,0,36.93,2,130,165419,513449110,AC
2023-02-23 20:35:13.985938039+00:00,2023-02-23 20:35:13.985773368+00:00,0,2,60,T,B,0,36.93,5,130,164671,513449111,AC
2023-02-23 20:40:49.352364450+00:00,2023-02-23 20:40:49.352199532+00:00,0,2,60,T,B,0,36.99,1,130,164918,520930367,AC
2023-02-23 20:50:01.516435528+00:00,2023-02-23 20:50:01.516265288+00:00,0,2,60,T,N,0,36.995,4,0,170240,534638555,AC
2023-02-23 20:50:01.516435528+00:00,2023-02-23 20:50:01.516265288+00:00,0,2,60,T,N,0,36.995,3,128,170240,534638556,AC
2023-02-23 20:58:18.099392710+00:00,2023-02-23 20:58:18.099226149+00:00,0,2,60,T,A,0,36.8,100,0,166561,554673384,AC
2023-02-23 20:58:18.099392710+00:00,2023-02-23 20:58:18.099226149+00:00,0,2,60,T,A,0,36.8,45,130,166561,554673385,AC
2023-02-23 20:58:18.099424673+00:00,2023-02-23 20:58:18.099260019+00:00,0,2,60,T,A,0,36.8,13,130,164654,554673390,AC
2023-02-23 20:58:18.099537693+00:00,2023-02-23 20:58:18.099372923+00:00,0,2,60,T,A,0,36.8,42,130,164770,554673408,AC
2023-02-24 20:45:03.052810881+00:00,2023-02-24 20:45:03.052645021+00:00,0,2,60,T,A,0,36.66,4,130,165860,531515769,AC
2023-02-24 20:45:03.054584284+00:00,2023-02-24 20:45:03.054418664+00:00,0,2,60,T,N,0,36.52,11,130,165620,531515881,AC
2023-02-27 15:18:07.360537383+00:00,2023-02-27 15:18:07.360371669+00:00,0,2,60,T,B,0,36.97,1,130,165714,106722373,AC
2023-02-27 20:59:04.160117052+00:00,2023-02-27 20:59:04.159951064+00:00,0,2,60,T,B,0,37.22,11,130,165988,476188371,AC
2023-02-28 16:41:39.264820198+00:00,2023-02-28 16:41:39.264654499+00:00,0,2,59,T,N,0,37.96,1,130,165699,234613332,AC
2023-02-28 18:13:04.511648681+00:00,2023-02-28 18:13:04.511482823+00:00,0,2,59,T,N,0,37.8,10,130,165858,316237957,AC
2023-02-28 18:13:27.625524440+00:00,2023-02-28 18:13:27.625357729+00:00,0,2,59,T,N,0,37.5,1,130,166711,316535337,AC
2023-02-28 18:13:34.421104010+00:00,2023-02-28 18:13:34.420939275+00:00,0,2,59,T,B,0,37.5,1,130,164735,316640780,AC
2023-02-28 18:14:07.024767185+00:00,2023-02-28 18:14:07.024602070+00:00,0,2,59,T,N,0,37.5,10,130,165115,317003565,AC
2023-02-28 18:14:12.209242221+00:00,2023-02-28 18:14:12.209077390+00:00,0,2,59,T,N,0,37.5,10,130,164831,317081617,AC
2023-02-28 18:14:14.912732399+00:00,2023-02-28 18:14:14.912567195+00:00,0,2,59,T,N,0,37.5,5,130,165204,317113738,AC
2023-02-28 20:08:09.138793328+00:00,2023-02-28 20:08:09.138627255+00:00,0,2,59,T,N,0,37.5,1,130,166073,417323225,AC
2023-02-28 20:09:15.160512269+00:00,2023-02-28 20:09:15.160346264+00:00,0,2,59,T,N,0,37.19,2,130,166005,418487162,AC
2023-02-28 20:53:37.085535096+00:00,2023-02-28 20:53:37.085369277+00:00,0,2,59,T,N,0,36.5,1,130,165819,475840719,AC
2023-02-28 20:57:12.098681109+00:00,2023-02-28 20:57:12.098515841+00:00,0,2,59,T,N,0,36.49,2,130,165268,486311697,AC
2023-02-28 20:59:50.999958716+00:00,2023-02-28 20:59:50.999791950+00:00,0,2,59,T,N,0,36.47,1,0,166766,498057171,AC
2023-02-28 20:59:50.999958716+00:00,2023-02-28 20:59:50.999791950+00:00,0,2,59,T,N,0,36.49,1,130,166766,498057172,AC
2023-02-28 20:59:57.269371176+00:00,2023-02-28 20:59:57.269206195+00:00,0,2,59,T,N,0,36.49,1,130,164981,498910312,AC
2023-02-28 21:23:59.440607956+00:00,2023-02-28 21:23:59.440441822+00:00,0,2,59,T,N,0,34.79,1,130,166134,504854411,AC
2023-03-01 14:54:25.357698698+00:00,2023-03-01 14:54:25.357533267+00:00,0,2,59,T,A,0,36.7,1,130,165431,77101325,AC
2023-03-01 19:40:08.814093969+00:00,2023-03-01 19:40:08.813928232+00:00,0,2,59,T,A,0,36.67,1,130,165737,447629110,AC
2023-03-01 19:52:31.574710489+00:00,2023-03-01 19:52:31.574543040+00:00,0,2,59,T,N,0,36.39,2,0,167449,458363889,AC
2023-03-01 19:52:31.574710489+00:00,2023-03-01 19:52:31.574543040+00:00,0,2,59,T,N,0,36.39,42,0,167449,458363890,AC
2023-03-01 19:52:31.574710489+00:00,2023-03-01 19:52:31.574543040+00:00,0,2,59,T,B,0,36.4,56,130,167449,458363891,AC
2023-03-01 19:54:27.502560321+00:00,2023-03-01 19:54:27.502395707+00:00,0,2,59,T,A,0,36.4,68,130,164614,460431759,AC
2023-03-01 20:59:31.909191909+00:00,2023-03-01 20:59:31.909023797+00:00,0,2,59,T,N,0,35.87,40,0,168112,548083371,AC
2023-03-01 20:59:31.909191909+00:00,2023-03-01 20:59:31.909023797+00:00,0,2,59,T,N,0,35.87,30,0,168112,548083372,AC
2023-03-01 20:59:31.909191909+00:00,2023-03-01 20:59:31.909023797+00:00,0,2,59,T,B,0,35.9,5,130,168112,548083373,AC
2023-03-01 20:59:31.909310173+00:00,2023-03-01 20:59:31.909145775+00:00,0,2,59,T,B,0,35.9,95,130,164398,548083380,AC
2023-03-02 15:45:19.489791080+00:00,2023-03-02 15:45:19.489625200+00:00,0,2,59,T,A,0,36.06,2,130,165880,164731023,AC
2023-03-02 15:58:45.266664758+00:00,2023-03-02 15:58:45.266498877+00:00,0,2,59,T,B,0,35.77,1,130,165881,183499138,AC
2023-03-02 16:30:16.442445841+00:00,2023-03-02 16:30:16.442280628+00:00,0,2,59,T,B,0,36.66,1,130,165213,220693441,AC
2023-03-02 19:14:59.275889603+00:00,2023-03-02 19:14:59.275723600+00:00,0,2,59,T,A,0,36.08,3,130,166003,377146843,AC
2023-03-02 19:14:59.276615448+00:00,2023-03-02 19:14:59.276449507+00:00,0,2,59,T,A,0,36.08,97,130,165941,377146858,AC
2023-03-02 19:15:48.614379367+00:00,2023-03-02 19:15:48.614213289+00:00,0,2,59,T,B,0,35.93,2,130,166078,377952480,AC
2023-03-02 19:18:38.728369262+00:00,2023-03-02 19:18:38.728201695+00:00,0,2,59,T,N,0,35.92,5,0,167567,380579600,AC
2023-03-02 19:18:38.728369262+00:00,2023-03-02 19:18:38.728201695+00:00,0,2,59,T,B,0,35.98,2,0,167567,380579601,AC
2023-03-02 19:18:38.728369262+00:00,2023-03-02 19:18:38.728201695+00:00,0,2,59,T,B,0,36.02,43,130,167567,380579602,AC
2023-03-02 19:21:28.472096393+00:00,2023-03-02 19:21:28.471929547+00:00,0,2,59,T,N,0,35.85,10,0,166846,383618677,AC
2023-03-02 19:21:28.472096393+00:00,2023-03-02 19:21:28.471929547+00:00,0,2,59,T,B,0,35.9,93,130,166846,383618678,AC
2023-03-02 19:21:28.472173081+00:00,2023-03-02 19:21:28.472006335+00:00,0,2,59,T,B,0,35.9,7,0,166746,383618679,AC
2023-03-02 19:21:28.472173081+00:00,2023-03-02 19:21:28.472006335+00:00,0,2,59,T,B,0,35.9,3,130,166746,383618680,AC
2023-03-02 19:37:44.932697100+00:00,2023-03-02 19:37:44.932531814+00:00,0,2,59,T,B,0,35.74,2,130,165286,401332296,AC
2023-03-02 20:28:41.868162659+00:00,2023-03-02 20:28:41.867997120+00:00,0,2,59,T,N,0,35.99,3,130,165539,452816766,AC
2023-03-02 20:55:16.052058148+00:00,2023-03-02 20:55:16.051892625+00:00,0,2,59,T,B,0,36.18,113,130,165523,494129201,AC
2023-03-02 20:55:16.052079434+00:00,2023-03-02 20:55:16.051911324+00:00,0,2,59,T,B,0,36.18,37,0,168110,494129202,AC
2023-03-02 20:55:16.052079434+00:00,2023-03-02 20:55:16.051911324+00:00,0,2,59,T,B,0,36.18,100,0,168110,494129203,AC
2023-03-02 20:55:16.052079434+00:00,2023-03-02 20:55:16.051911324+00:00,0,2,59,T,B,0,36.18,3,130,168110,494129204,AC
2023-03-02 20:55:16.068750093+00:00,2023-03-02 20:55:16.068583448+00:00,0,2,59,T,B,0,36.18,10,0,166645,494130339,AC
2023-03-02 20:55:16.068750093+00:00,2023-03-02 20:55:16.068583448+00:00,0,2,59,T,B,0,36.23,1,130,166645,494130340,AC
2023-03-02 20:59:47.408277018+00:00,2023-03-02 20:59:47.408111935+00:00,0,2,59,T,N,0,36.03,1,130,165083,508264418,AC
2023-03-03 15:05:36.835103005+00:00,2023-03-03 15:05:36.835091391+00:00,0,2,59,T,A,0,37.0,2,130,11614,86552867,AC
2023-03-03 15:05:45.370982326+00:00,2023-03-03 15:05:45.370970211+00:00,0,2,59,T,A,0,37.03,1,130,12115,86859198,AC
2023-03-03 15:05:46.941275559+00:00,2023-03-03 15:05:46.941263393+00:00,0,2,59,T,N,0,37.07,2,130,12166,86944686,AC
2023-03-03 15:12:15.432309783+00:00,2023-03-03 15:12:15.432297512+00:00,0,2,59,T,A,0,37.08,1,130,12271,100199203,AC
2023-03-03 15:28:49.648768030+00:00,2023-03-03 15:28:49.648755554+00:00,0,2,59,T,A,0,37.08,1,130,12476,127176136,AC
2023-03-03 17:10:59.773111358+00:00,2023-03-03 17:10:59.773099168+00:00,0,2,59,T,N,0,37.455,1,130,12190,237553947,AC
2023-03-03 17:11:23.266497112+00:00,2023-03-03 17:11:23.266484688+00:00,0,2,59,T,N,0,37.455,1,130,12424,237888880,AC
2023-03-03 17:11:35.575721360+00:00,2023-03-03 17:11:35.575709457+00:00,0,2,59,T,N,0,37.46,5,130,11903,238105252,AC
2023-03-03 17:11:48.586739026+00:00,2023-03-03 17:11:48.586726897+00:00,0,2,59,T,N,0,37.46,1,130,12129,238414276,AC
2023-03-03 17:12:00.919304646+00:00,2023-03-03 17:12:00.919292681+00:00,0,2,59,T,N,0,37.46,20,130,11965,238602052,AC
2023-03-03 17:26:24.761731840+00:00,2023-03-03 17:26:24.761718713+00:00,0,2,59,T,N,0,37.46,1,130,13127,250295522,AC
2023-03-03 17:44:28.295819967+00:00,2023-03-03 17:44:28.295807566+00:00,0,2,59,T,N,0,37.46,1,130,12401,264201835,AC
2023-03-03 19:19:22.936747319+00:00,2023-03-03 19:19:22.936734783+00:00,0,2,59,T,N,0,37.8,1,130,12536,335301321,AC
2023-03-03 19:20:56.093656346+00:00,2023-03-03 19:20:56.093642296+00:00,0,2,59,T,B,0,37.25,1,130,14050,336612785,AC
2023-03-03 20:35:25.503561332+00:00,2023-03-03 20:35:25.503547960+00:00,0,2,59,T,B,0,37.26,1,130,13372,399106516,AC
2023-03-03 20:42:49.027390770+00:00,2023-03-03 20:42:49.027378191+00:00,0,2,59,T,N,0,37.365,3,130,12579,407076248,AC
2023-03-03 20:46:58.103008180+00:00,2023-03-03 20:46:58.102995961+00:00,0,2,59,T,N,0,37.365,1,130,12219,412010377,AC
2023-03-06 15:28:21.222178849+00:00,2023-03-06 15:28:21.222013262+00:00,0,2,59,T,A,0,35.85,1,130,165587,120389266,AC
2023-03-06 16:20:13.975549349+00:00,2023-03-06 16:20:13.975384479+00:00,0,2,59,T,B,0,35.83,4,130,164870,180259929,AC
2023-03-06 18:02:34.206680216+00:00,2023-03-06 18:02:34.206513506+00:00,0,2,59,T,N,0,36.8,1,128,166710,274711773,AC
2023-03-06 18:04:40.874107314+00:00,2023-03-06 18:04:40.873941644+00:00,0,2,59,T,N,0,36.88,1,130,165670,276571838,AC
2023-03-06 18:08:48.086032266+00:00,2023-03-06 18:08:48.085866888+00:00,0,2,59,T,B,0,36.75,1,130,165378,279980202,AC
2023-03-06 18:08:51.626735074+00:00,2023-03-06 18:08:51.626569918+00:00,0,2,59,T,B,0,36.75,2,130,165156,280024406,AC
2023-03-06 18:08:56.632284970+00:00,2023-03-06 18:08:56.632118494+00:00,0,2,59,T,N,0,36.74,4,0,166476,280163525,AC
2023-03-06 18:08:56.632284970+00:00,2023-03-06 18:08:56.632118494+00:00,0,2,59,T,B,0,36.75,2,130,166476,280163526,AC
2023-03-06 18:09:09.630015859+00:00,2023-03-06 18:09:09.629850296+00:00,0,2,59,T,N,0,36.88,1,130,165563,280393637,AC
2023-03-06 18:21:18.952059237+00:00,2023-03-06 18:21:18.951892484+00:00,0,2,59,T,N,0,36.85,1,130,166753,291334199,AC
2023-03-06 18:33:35.980878175+00:00,2023-03-06 18:33:35.980711836+00:00,0,2,59,T,N,0,36.83,5,130,166339,302644451,AC
2023-03-06 18:40:05.656903816+00:00,2023-03-06 18:40:05.656736799+00:00,0,2,59,T,B,0,36.49,1,128,167017,309281184,AC
2023-03-06 18:43:50.000377780+00:00,2023-03-06 18:43:50.000212028+00:00,0,2,59,T,N,0,36.49,2,130,165752,312714289,AC
2023-03-06 18:54:24.999490025+00:00,2023-03-06 18:54:24.999324411+00:00,0,2,59,T,N,0,36.49,5,130,165614,322015286,AC
2023-03-06 18:54:24.999540721+00:00,2023-03-06 18:54:24.999375049+00:00,0,2,59,T,N,0,36.49,6,130,165672,322015288,AC
2023-03-06 19:32:18.678625249+00:00,2023-03-06 19:32:18.678459573+00:00,0,2,59,T,A,0,36.31,13,130,165676,357446105,AC
2023-03-06 19:53:29.314258253+00:00,2023-03-06 19:53:29.314092358+00:00,0,2,59,T,A,0,36.26,1,130,165895,376201992,AC
2023-03-06 19:53:29.519863552+00:00,2023-03-06 19:53:29.519699185+00:00,0,2,59,T,A,0,36.26,17,130,164367,376203078,AC
2023-03-06 19:53:29.553683923+00:00,2023-03-06 19:53:29.553518611+00:00,0,2,59,T,A,0,36.26,13,130,165312,376203270,AC
2023-03-06 19:53:29.607681433+00:00,2023-03-06 19:53:29.607516025+00:00,0,2,59,T,A,0,36.26,13,130,165408,376203545,AC
2023-03-06 19:59:10.019300013+00:00,2023-03-06 19:59:10.019127076+00:00,0,2,59,T,A,0,36.18,12,130,172937,381560599,AC
2023-03-06 19:59:10.120176093+00:00,2023-03-06 19:59:10.120010886+00:00,0,2,59,T,A,0,36.18,70,130,165207,381561928,AC
2023-03-06 20:02:18.383052672+00:00,2023-03-06 20:02:18.382883661+00:00,0,2,59,T,N,0,35.94,4,0,169011,384747548,AC
2023-03-06 20:02:18.383052672+00:00,2023-03-06 20:02:18.382883661+00:00,0,2,59,T,N,0,35.98,14,0,169011,384747549,AC
2023-03-06 20:02:18.383052672+00:00,2023-03-06 20:02:18.382883661+00:00,0,2,59,T,B,0,35.99,100,0,169011,384747550,AC
2023-03-06 20:02:18.383052672+00:00,2023-03-06 20:02:18.382883661+00:00,0,2,59,T,B,0,36.0,82,130,169011,384747551,AC
2023-03-06 20:02:24.789282638+00:00,2023-03-06 20:02:24.789115080+00:00,0,2,59,T,B,0,36.1,4,0,167558,384833149,AC
2023-03-06 20:02:24.789282638+00:00,2023-03-06 20:02:24.789115080+00:00,0,2,59,T,B,0,36.1,6,130,167558,384833150,AC
2023-03-06 20:04:50.489918169+00:00,2023-03-06 20:04:50.489750363+00:00,0,2,59,T,N,0,36.15,3,0,167806,386954227,AC
2023-03-06 20:04:50.489918169+00:00,2023-03-06 20:04:50.489750363+00:00,0,2,59,T,B,0,36.2,100,130,167806,386954228,AC
2023-03-06 20:42:42.392872832+00:00,2023-03-06 20:42:42.392707162+00:00,0,2,59,T,N,0,36.105,99,130,165670,429776837,AC
2023-03-06 20:50:11.815644065+00:00,2023-03-06 20:50:11.815478265+00:00,0,2,59,T,N,0,36.15,1,130,165800,440266784,AC
2023-03-06 20:53:33.928240128+00:00,2023-03-06 20:53:33.928075611+00:00,0,2,59,T,B,0,35.89,2,130,164517,445984570,AC
2023-03-06 20:54:16.481680720+00:00,2023-03-06 20:54:16.481515653+00:00,0,2,59,T,B,0,35.9,1,130,165067,447279699,AC
2023-03-06 20:54:53.527860477+00:00,2023-03-06 20:54:53.527695759+00:00,0,2,59,T,B,0,35.89,3,130,164718,448724305,AC
2023-03-06 20:58:31.816026835+00:00,2023-03-06 20:58:31.815861857+00:00,0,2,59,T,N,0,36.38,1,130,164978,459208687,AC
2023-03-06 20:58:50.118917906+00:00,2023-03-06 20:58:50.118750058+00:00,0,2,59,T,N,0,36.38,10,0,167848,460140576,AC
2023-03-06 20:58:50.118917906+00:00,2023-03-06 20:58:50.118750058+00:00,0,2,59,T,N,0,36.43,10,0,167848,460140577,AC
2023-03-06 20:58:50.118917906+00:00,2023-03-06 20:58:50.118750058+00:00,0,2,59,T,N,0,36.43,34,130,167848,460140578,AC
2023-03-06 20:58:56.141834174+00:00,2023-03-06 20:58:56.141668956+00:00,0,2,59,T,N,0,36.43,49,130,165218,460452819,AC
2023-03-07 17:06:03.349415116+00:00,2023-03-07 17:06:03.349403340+00:00,0,2,59,T,A,0,37.25,1,130,11776,319418729,AC
2023-03-07 18:46:22.781127281+00:00,2023-03-07 18:46:22.781114874+00:00,0,2,59,T,N,0,36.81,3,130,12407,443966662,AC
2023-03-07 18:56:04.450629301+00:00,2023-03-07 18:56:04.450616560+00:00,0,2,59,T,N,0,36.8,1,130,12741,454246919,AC
2023-03-07 19:03:11.159119181+00:00,2023-03-07 19:03:11.159106637+00:00,0,2,59,T,N,0,36.64,1,0,12544,461907668,AC
2023-03-07 19:03:11.159119181+00:00,2023-03-07 19:03:11.159106637+00:00,0,2,59,T,N,0,36.64,1,130,12544,461907669,AC
2023-03-07 19:04:35.641204781+00:00,2023-03-07 19:04:35.641190555+00:00,0,2,59,T,N,0,36.485,2,128,14226,463510453,AC
2023-03-07 19:04:43.242500551+00:00,2023-03-07 19:04:43.242488294+00:00,0,2,59,T,B,0,36.38,3,0,12257,463695972,AC
2023-03-07 19:04:43.242500551+00:00,2023-03-07 19:04:43.242488294+00:00,0,2,59,T,B,0,36.38,40,130,12257,463695973,AC
2023-03-07 19:06:59.289923645+00:00,2023-03-07 19:06:59.289911517+00:00,0,2,59,T,B,0,35.99,1,130,12128,465691701,AC
2023-03-07 19:07:46.130972184+00:00,2023-03-07 19:07:46.130959481+00:00,0,2,59,T,B,0,36.31,1,130,12703,466421367,AC
2023-03-07 19:13:15.503478586+00:00,2023-03-07 19:13:15.503466670+00:00,0,2,59,T,B,0,35.98,1,130,11916,470995915,AC
2023-03-07 19:20:31.048259876+00:00,2023-03-07 19:20:31.048247882+00:00,0,2,59,T,B,0,36.05,1,130,11994,478002605,AC
2023-03-07 19:20:50.465335108+00:00,2023-03-07 19:20:50.465321878+00:00,0,2,59,T,N,0,36.24,11,0,13230,478226209,AC
2023-03-07 19:20:50.465335108+00:00,2023-03-07 19:20:50.465321878+00:00,0,2,59,T,B,0,36.25,1,130,13230,478226210,AC
2023-03-07 19:20:50.465477280+00:00,2023-03-07 19:20:50.465465218+00:00,0,2,59,T,B,0,36.3,11,130,12062,478226213,AC
2023-03-07 19:20:51.223617821+00:00,2023-03-07 19:20:51.223605601+00:00,0,2,59,T,N,0,36.62,2,130,12220,478233693,AC
2023-03-07 19:37:17.822139382+00:00,2023-03-07 19:37:17.822126876+00:00,0,2,59,T,N,0,36.78,2,130,12506,493828415,AC
2023-03-07 19:53:27.808672361+00:00,2023-03-07 19:53:27.808659877+00:00,0,2,59,T,N,0,36.78,2,130,12484,508215603,AC
2023-03-07 20:07:49.887907899+00:00,2023-03-07 20:07:49.887895485+00:00,0,2,59,T,N,0,36.78,2,130,12414,522001940,AC
2023-03-07 20:21:21.195641994+00:00,2023-03-07 20:21:21.195629520+00:00,0,2,59,T,N,0,37.1,2,130,12474,535149563,AC
2023-03-07 20:32:34.109389685+00:00,2023-03-07 20:32:34.109366709+00:00,0,2,59,T,N,0,37.1,2,128,22976,546818540,AC
2023-03-07 20:32:34.214900419+00:00,2023-03-07 20:32:34.214885595+00:00,0,2,59,T,N,0,37.1,2,128,14824,546855711,AC
2023-03-07 20:38:15.332510299+00:00,2023-03-07 20:38:15.332498581+00:00,0,2,59,T,B,0,36.45,4,130,11718,553618954,AC
2023-03-07 20:52:28.518139757+00:00,2023-03-07 20:52:28.518127307+00:00,0,2,59,T,B,0,36.5,100,130,12450,575143952,AC
2023-03-07 20:57:13.253703437+00:00,2023-03-07 20:57:13.253691292+00:00,0,2,59,T,B,0,36.74,3,130,12145,586644463,AC
2023-03-08 15:40:44.652020859+00:00,2023-03-08 15:40:44.651855776+00:00,0,2,59,T,A,0,36.6,1,130,165083,176586496,AC
2023-03-08 16:38:21.361056880+00:00,2023-03-08 16:38:21.360892355+00:00,0,2,59,T,B,0,36.91,1,130,164525,254854378,AC
2023-03-08 16:38:25.502475345+00:00,2023-03-08 16:38:25.502310010+00:00,0,2,59,T,B,0,36.91,1,130,165335,254909252,AC
2023-03-08 16:38:58.630698220+00:00,2023-03-08 16:38:58.630532873+00:00,0,2,59,T,B,0,36.91,2,130,165347,255338659,AC
2023-03-08 16:39:13.514865492+00:00,2023-03-08 16:39:13.514699084+00:00,0,2,59,T,A,0,36.6,2,0,166408,255590216,AC
2023-03-08 16:39:13.514865492+00:00,2023-03-08 16:39:13.514699084+00:00,0,2,59,T,A,0,36.6,11,130,166408,255590217,AC
2023-03-08 16:41:26.443507418+00:00,2023-03-08 16:41:26.443342224+00:00,0,2,59,T,B,0,37.27,3,130,165194,258218359,AC
2023-03-08 16:41:29.270646940+00:00,2023-03-08 16:41:29.270480796+00:00,0,2,59,T,B,0,37.27,1,0,166144,258282034,AC
2023-03-08 16:41:29.270742136+00:00,2023-03-08 16:41:29.270577626+00:00,0,2,59,T,A,0,37.27,2,130,164510,258282036,AC
2023-03-08 16:42:02.245874663+00:00,2023-03-08 16:42:02.245709194+00:00,0,2,59,T,N,0,37.22,1,130,165469,258834577,AC
2023-03-08 16:45:45.464839958+00:00,2023-03-08 16:45:45.464674945+00:00,0,2,59,T,A,0,36.13,2,130,165013,262667063,AC
2023-03-08 16:46:01.715220172+00:00,2023-03-08 16:46:01.715053239+00:00,0,2,59,T,N,0,36.28,3,130,166933,262866097,AC
2023-03-08 16:46:08.041360973+00:00,2023-03-08 16:46:08.041195570+00:00,0,2,59,T,B,0,36.31,3,130,165403,263003037,AC
2023-03-08 16:46:15.654225297+00:00,2023-03-08 16:46:15.654060730+00:00,0,2,59,T,N,0,36.89,20,130,164567,263141789,AC
2023-03-08 16:46:21.269456769+00:00,2023-03-08 16:46:21.269292014+00:00,0,2,59,T,N,0,36.89,1,130,164755,263356325,AC
2023-03-08 17:35:59.645500431+00:00,2023-03-08 17:35:59.645335728+00:00,0,2,59,T,N,0,36.7,1,130,164703,315937475,AC
2023-03-08 17:36:23.741331722+00:00,2023-03-08 17:36:23.741166748+00:00,0,2,59,T,N,0,36.7,1,130,164974,316375792,AC
2023-03-08 17:36:56.037801165+00:00,2023-03-08 17:36:56.037636763+00:00,0,2,59,T,B,0,36.45,1,130,164402,316927614,AC
2023-03-08 17:37:02.066150881+00:00,2023-03-08 17:37:02.065984482+00:00,0,2,59,T,B,0,36.55,80,0,166399,316996085,AC
2023-03-08 17:37:13.217029358+00:00,2023-03-08 17:37:13.216863852+00:00,0,2,59,T,N,0,36.7,3,130,165506,317170292,AC
2023-03-08 17:38:34.384769508+00:00,2023-03-08 17:38:34.384604979+00:00,0,2,59,T,B,0,36.6,5,130,164529,318285816,AC
2023-03-08 17:56:09.191687641+00:00,2023-03-08 17:56:09.191522778+00:00,0,2,59,T,B,0,36.52,14,130,164863,333654421,AC
2023-03-08 17:57:00.444439835+00:00,2023-03-08 17:57:00.444272992+00:00,0,2,59,T,N,0,36.59,2,0,166843,334735670,AC
2023-03-08 17:57:00.444439835+00:00,2023-03-08 17:57:00.444272992+00:00,0,2,59,T,B,0,36.6,33,130,166843,334735671,AC
2023-03-08 17:57:02.755312488+00:00,2023-03-08 17:57:02.755147344+00:00,0,2,59,T,B,0,36.6,2,130,165144,334791175,AC
2023-03-08 18:12:37.861308182+00:00,2023-03-08 18:12:37.861142289+00:00,0,2,59,T,A,0,36.55,6,130,165893,353991938,AC
2023-03-08 18:46:54.135710752+00:00,2023-03-08 18:46:54.135545646+00:00,0,2,59,T,N,0,36.98,1,130,165106,387030624,AC
2023-03-08 20:29:53.688867421+00:00,2023-03-08 20:29:53.688702792+00:00,0,2,59,T,B,0,36.56,1,130,164629,475629894,AC
2023-03-08 20:29:53.689059453+00:00,2023-03-08 20:29:53.688895033+00:00,0,2,59,T,B,0,36.56,11,130,164420,475629896,AC
2023-03-08 20:29:58.269627370+00:00,2023-03-08 20:29:58.269462420+00:00,0,2,59,T,B,0,36.56,1,130,164950,475691366,AC
2023-03-08 20:32:40.629597178+00:00,2023-03-08 20:32:40.629430931+00:00,0,2,59,T,B,0,36.3,100,130,166247,478632561,AC
2023-03-08 20:39:21.672511198+00:00,2023-03-08 20:39:21.672345356+00:00,0,2,59,T,B,0,36.25,20,130,165842,486207063,AC
2023-03-08 20:44:21.316913644+00:00,2023-03-08 20:44:21.316748437+00:00,0,2,59,T,A,0,36.4,4,130,165207,492459466,AC
2023-03-08 20:49:02.652377884+00:00,2023-03-08 20:49:02.652211634+00:00,0,2,59,T,A,0,36.4,4,130,166250,499591376,AC
2023-03-08 20:53:15.674931897+00:00,2023-03-08 20:53:15.674766070+00:00,0,2,59,T,N,0,36.1,20,130,165827,507102092,AC
2023-03-08 20:54:51.693459812+00:00,2023-03-08 20:54:51.693294626+00:00,0,2,59,T,N,0,36.16,17,130,165186,509989556,AC
2023-03-08 20:59:37.764367637+00:00,2023-03-08 20:59:37.764202620+00:00,0,2,59,T,N,0,36.34,39,130,165017,523425957,AC
2023-03-08 20:59:47.772207995+00:00,2023-03-08 20:59:47.772042115+00:00,0,2,59,T,N,0,36.34,1,130,165880,524290626,AC
2023-03-08 20:59:50.692483892+00:00,2023-03-08 20:59:50.692316043+00:00,0,2,59,T,N,0,36.34,29,128,167849,524530542,AC
2023-03-08 20:59:58.763647570+00:00,2023-03-08 20:59:58.763482640+00:00,0,2,59,T,N,0,36.35,5,130,164930,525388880,AC
2023-03-09 18:30:46.122654896+00:00,2023-03-09 18:30:46.122490396+00:00,0,2,59,T,B,0,36.4,2,130,164500,346195825,AC
2023-03-09 18:35:43.631846137+00:00,2023-03-09 18:35:43.631679574+00:00,0,2,59,T,N,0,36.35,2,0,166563,352677080,AC
2023-03-09 18:35:43.631846137+00:00,2023-03-09 18:35:43.631679574+00:00,0,2,59,T,N,0,36.39,1,130,166563,352677081,AC
2023-03-09 18:35:47.158373259+00:00,2023-03-09 18:35:47.158207729+00:00,0,2,59,T,N,0,36.39,4,130,165530,352727739,AC
2023-03-09 18:35:58.539059670+00:00,2023-03-09 18:35:58.538893032+00:00,0,2,59,T,B,0,36.4,3,0,166638,352931179,AC
2023-03-09 18:35:58.539059670+00:00,2023-03-09 18:35:58.538893032+00:00,0,2,59,T,N,0,36.65,1,130,166638,352931180,AC
2023-03-09 18:56:21.477578267+00:00,2023-03-09 18:56:21.477412648+00:00,0,2,59,T,N,0,36.4,23,130,165619,378882919,AC
2023-03-09 19:18:41.572375348+00:00,2023-03-09 19:18:41.572209979+00:00,0,2,59,T,N,0,36.01,28,130,165369,409046235,AC
2023-03-09 19:25:11.616127992+00:00,2023-03-09 19:25:11.615962605+00:00,0,2,59,T,N,0,36.01,23,130,165387,417225879,AC
2023-03-09 19:30:55.634990585+00:00,2023-03-09 19:30:55.634825737+00:00,0,2,59,T,N,0,36.01,25,130,164848,424391676,AC
2023-03-09 19:36:54.665032833+00:00,2023-03-09 19:36:54.664866787+00:00,0,2,59,T,N,0,36.01,23,130,166046,432248070,AC
2023-03-09 19:42:42.688417496+00:00,2023-03-09 19:42:42.688252069+00:00,0,2,59,T,N,0,36.01,1,130,165427,439069465,AC
2023-03-09 19:49:12.731555542+00:00,2023-03-09 19:49:12.731390294+00:00,0,2,59,T,N,0,36.01,21,130,165248,446870402,AC
2023-03-09 19:54:34.764216692+00:00,2023-03-09 19:54:34.764051591+00:00,0,2,59,T,N,0,36.01,28,130,165101,454391836,AC
2023-03-09 20:01:36.796031686+00:00,2023-03-09 20:01:36.795866359+00:00,0,2,59,T,N,0,36.01,32,130,165327,463766746,AC
2023-03-09 20:10:25.830459827+00:00,2023-03-09 20:10:25.830294861+00:00,0,2,59,T,N,0,36.01,22,130,164966,475953727,AC
2023-03-09 20:16:55.962992916+00:00,2023-03-09 20:16:55.962826096+00:00,0,2,59,T,N,0,36.02,1,0,166820,485470858,AC
2023-03-09 20:16:55.962992916+00:00,2023-03-09 20:16:55.962826096+00:00,0,2,59,T,N,0,36.01,18,130,166820,485470859,AC
2023-03-09 20:23:56.022512654+00:00,2023-03-09 20:23:56.022347674+00:00,0,2,59,T,N,0,36.01,21,130,164980,499191462,AC
2023-03-09 20:41:50.154754264+00:00,2023-03-09 20:41:50.154588370+00:00,0,2,59,T,N,0,36.01,30,130,165894,534401563,AC
2023-03-09 20:56:44.237195435+00:00,2023-03-09 20:56:44.237029919+00:00,0,2,59,T,N,0,36.01,34,130,165516,571748171,AC
2023-03-09 20:58:55.300961656+00:00,2023-03-09 20:58:55.300796991+00:00,0,2,59,T,N,0,36.03,5,130,164665,579201206,AC
2023-03-09 20:59:36.237833941+00:00,2023-03-09 20:59:36.237668711+00:00,0,2,59,T,N,0,36.03,64,130,165230,582315074,AC
2023-03-09 20:59:49.242644229+00:00,2023-03-09 20:59:49.242479148+00:00,0,2,59,T,N,0,36.03,1,130,165081,583525090,AC
2023-03-10 15:38:27.009427234+00:00,2023-03-10 15:38:27.009261428+00:00,0,2,59,T,N,0,36.51,100,130,165806,250974850,AC
2023-03-10 16:39:19.935790783+00:00,2023-03-10 16:39:19.935625369+00:00,0,2,59,T,N,0,35.78,10,130,165414,388863014,AC
2023-03-10 16:42:07.674325067+00:00,2023-03-10 16:42:07.674159390+00:00,0,2,59,T,B,0,36.52,3,130,165677,396493313,AC
2023-03-10 16:42:22.001254053+00:00,2023-03-10 16:42:22.001086584+00:00,0,2,59,T,B,0,36.52,23,0,167469,396968729,AC
2023-03-10 17:04:15.949204175+00:00,2023-03-10 17:04:15.949038461+00:00,0,2,59,T,N,0,36.32,4,130,165714,440572048,AC
2023-03-10 17:07:49.306849376+00:00,2023-03-10 17:07:49.306683691+00:00,0,2,59,T,N,0,36.32,4,130,165685,447077598,AC
2023-03-10 17:09:10.929643479+00:00,2023-03-10 17:09:10.929473688+00:00,0,2,59,T,N,0,36.14,4,0,169791,449597879,AC
2023-03-10 17:09:10.929643479+00:00,2023-03-10 17:09:10.929473688+00:00,0,2,59,T,A,0,36.13,100,0,169791,449597880,AC
2023-03-10 17:09:10.929643479+00:00,2023-03-10 17:09:10.929473688+00:00,0,2,59,T,N,0,36.13,32,130,169791,449597881,AC
2023-03-10 17:12:36.058629544+00:00,2023-03-10 17:12:36.058464491+00:00,0,2,59,T,B,0,36.33,1,130,165053,455950476,AC
2023-03-10 17:13:31.829220155+00:00,2023-03-10 17:13:31.829054591+00:00,0,2,59,T,B,0,36.33,1,130,165564,457471815,AC
2023-03-10 18:10:34.104368132+00:00,2023-03-10 18:10:34.104203332+00:00,0,2,59,T,A,0,35.89,10,130,164800,551633993,AC
2023-03-10 18:10:34.106021598+00:00,2023-03-10 18:10:34.105856872+00:00,0,2,59,T,A,0,35.89,10,130,164726,551634018,AC
2023-03-10 18:10:34.107603935+00:00,2023-03-10 18:10:34.107438713+00:00,0,2,59,T,A,0,35.89,10,130,165222,551634032,AC
2023-03-10 18:10:34.109121737+00:00,2023-03-10 18:10:34.108956670+00:00,0,2,59,T,A,0,35.89,10,130,165067,551634039,AC
2023-03-10 18:10:34.110622275+00:00,2023-03-10 18:10:34.110457518+00:00,0,2,59,T,A,0,35.89,10,130,164757,551634055,AC
2023-03-10 18:51:34.448296425+00:00,2023-03-10 18:51:34.448130445+00:00,0,2,59,T,N,0,36.29,1,130,165980,613924655,AC
2023-03-10 19:16:22.763334328+00:00,2023-03-10 19:16:22.763167188+00:00,0,2,59,T,A,0,35.6,4,130,167140,662977445,AC
2023-03-10 19:16:41.403638384+00:00,2023-03-10 19:16:41.403472423+00:00,0,2,59,T,N,0,35.76,1,130,165961,663527130,AC
2023-03-10 19:18:46.545417424+00:00,2023-03-10 19:18:46.545250194+00:00,0,2,59,T,N,0,35.71,8,0,167230,667170220,AC
2023-03-10 19:18:46.545417424+00:00,2023-03-10 19:18:46.545250194+00:00,0,2,59,T,N,0,35.76,90,130,167230,667170221,AC
2023-03-10 19:36:02.968662893+00:00,2023-03-10 19:36:02.968497516+00:00,0,2,59,T,N,0,35.74,1,130,165377,699360505,AC
2023-03-10 19:36:22.086890026+00:00,2023-03-10 19:36:22.086724436+00:00,0,2,59,T,A,0,35.7,1,130,165590,700224636,AC
2023-03-10 19:37:41.519820528+00:00,2023-03-10 19:37:41.519654824+00:00,0,2,59,T,B,0,36.32,2,130,165704,703634885,AC
2023-03-10 19:38:03.637500344+00:00,2023-03-10 19:38:03.637334902+00:00,0,2,59,T,B,0,36.32,1,130,165442,704340487,AC
2023-03-10 19:39:08.137217561+00:00,2023-03-10 19:39:08.137052277+00:00,0,2,59,T,N,0,36.31,2,130,165284,707145116,AC
2023-03-10 19:41:33.787080854+00:00,2023-03-10 19:41:33.786915366+00:00,0,2,59,T,N,0,36.25,1,130,165488,711597286,AC
2023-03-10 19:45:07.577789788+00:00,2023-03-10 19:45:07.577623751+00:00,0,2,59,T,N,0,36.25,1,130,166037,720368181,AC
2023-03-10 19:45:33.550358192+00:00,2023-03-10 19:45:33.550193206+00:00,0,2,59,T,N,0,36.05,1,130,164986,721158554,AC
2023-03-10 19:45:52.112964048+00:00,2023-03-10 19:45:52.112797674+00:00,0,2,59,T,N,0,36.05,2,130,166374,721744075,AC
2023-03-10 19:48:41.370620598+00:00,2023-03-10 19:48:41.370455177+00:00,0,2,59,T,N,0,36.05,1,130,165421,728513566,AC
2023-03-10 19:52:15.179899376+00:00,2023-03-10 19:52:15.179734129+00:00,0,2,59,T,N,0,36.05,1,130,165247,738017109,AC
2023-03-10 19:55:48.954681082+00:00,2023-03-10 19:55:48.954515381+00:00,0,2,59,T,N,0,36.05,1,130,165701,746073333,AC
2023-03-10 19:59:22.760226789+00:00,2023-03-10 19:59:22.760061343+00:00,0,2,59,T,N,0,36.05,1,130,165446,755526877,AC
2023-03-10 20:02:56.536619519+00:00,2023-03-10 20:02:56.536454401+00:00,0,2,59,T,N,0,36.0,1,130,165118,763855327,AC
2023-03-10 20:06:30.338688916+00:00,2023-03-10 20:06:30.338522816+00:00,0,2,59,T,N,0,36.0,1,130,166100,771327537,AC
2023-03-10 20:09:54.948486031+00:00,2023-03-10 20:09:54.948318507+00:00,0,2,59,T,N,0,36.0,1,128,167524,779057131,AC
2023-03-10 20:10:00.265553203+00:00,2023-03-10 20:10:00.265386411+00:00,0,2,59,T,N,0,36.0,1,0,166792,779213788,AC
2023-03-10 20:10:00.265553203+00:00,2023-03-10 20:10:00.265386411+00:00,0,2,59,T,N,0,36.0,2,130,166792,779213789,AC
2023-03-10 20:10:04.119858265+00:00,2023-03-10 20:10:04.119692241+00:00,0,2,59,T,N,0,36.0,1,130,166024,779336335,AC
2023-03-10 20:13:37.904423050+00:00,2023-03-10 20:13:37.904257530+00:00,0,2,59,T,N,0,36.0,1,130,165520,788473174,AC
2023-03-10 20:17:01.014128901+00:00,2023-03-10 20:17:01.013963313+00:00,0,2,59,T,N,0,36.01,1,130,165588,797719034,AC
2023-03-10 20:19:57.755541688+00:00,2023-03-10 20:19:57.755376351+00:00,0,2,59,T,N,0,36.22,1,130,165337,805522996,AC
2023-03-10 20:20:52.659195970+00:00,2023-03-10 20:20:52.659028953+00:00,0,2,59,T,A,0,36.0,2,130,167017,807767677,AC
2023-03-10 20:20:56.166159798+00:00,2023-03-10 20:20:56.165994161+00:00,0,2,59,T,N,0,36.22,1,130,165637,807847651,AC
2023-03-10 20:21:02.988950872+00:00,2023-03-10 20:21:02.988785311+00:00,0,2,59,T,N,0,36.22,2,130,165561,808174988,AC
2023-03-10 20:24:19.293351671+00:00,2023-03-10 20:24:19.293185760+00:00,0,2,59,T,N,0,36.22,1,130,165911,815341712,AC
2023-03-10 20:30:28.318752536+00:00,2023-03-10 20:30:28.318585173+00:00,0,2,59,T,B,0,35.8,5,0,167363,828019412,AC
2023-03-10 20:30:28.318752536+00:00,2023-03-10 20:30:28.318585173+00:00,0,2,59,T,B,0,35.85,1,0,167363,828019413,AC
2023-03-10 20:30:28.318752536+00:00,2023-03-10 20:30:28.318585173+00:00,0,2,59,T,B,0,35.85,1,130,167363,828019414,AC
2023-03-10 20:48:13.049205619+00:00,2023-03-10 20:48:13.049039623+00:00,0,2,59,T,A,0,35.8,2,130,165996,866222291,AC
2023-03-10 20:59:06.275621542+00:00,2023-03-10 20:59:06.275455889+00:00,0,2,59,T,N,0,35.83,5,130,165653,897532557,AC
2023-03-10 20:59:31.782134558+00:00,2023-03-10 20:59:31.781969629+00:00,0,2,59,T,N,0,35.83,51,130,164929,899522193,AC
2023-03-10 20:59:42.612543628+00:00,2023-03-10 20:59:42.612377798+00:00,0,2,59,T,N,0,35.83,4,130,165830,900433964,AC
2023-03-10 20:59:48.068192240+00:00,2023-03-10 20:59:48.068024403+00:00,0,2,59,T,B,0,35.95,12,0,167837,900990637,AC
2023-03-10 20:59:48.068192240+00:00,2023-03-10 20:59:48.068024403+00:00,0,2,59,T,N,0,35.97,10,130,167837,900990638,AC
2023-03-13 15:43:23.730096096+00:00,2023-03-13 15:43:23.729931093+00:00,0,2,59,T,A,0,36.39,1,130,165003,493621776,AC
2023-03-13 15:43:48.141107211+00:00,2023-03-13 15:43:48.140940741+00:00,0,2,59,T,A,0,36.3,1,130,166470,494521498,AC
2023-03-13 15:46:19.031185955+00:00,2023-03-13 15:46:19.031018948+00:00,0,2,59,T,N,0,35.965,1,130,167007,500701365,AC
2023-03-13 15:53:02.804351503+00:00,2023-03-13 15:53:02.804186740+00:00,0,2,59,T,B,0,35.53,3,130,164763,521554318,AC
2023-03-13 15:53:24.998841713+00:00,2023-03-13 15:53:24.998676841+00:00,0,2,59,T,B,0,35.53,3,130,164872,522913573,AC
2023-03-13 15:57:32.631810063+00:00,2023-03-13 15:57:32.631643098+00:00,0,2,59,T,B,0,35.84,1,0,166965,535248467,AC
2023-03-13 16:11:18.772608699+00:00,2023-03-13 16:11:18.772443573+00:00,0,2,59,T,B,0,36.45,1,130,165126,574786384,AC
2023-03-13 16:12:30.556428970+00:00,2023-03-13 16:12:30.556231018+00:00,0,2,59,T,A,0,35.9,3,128,197952,577972181,AC
2023-03-13 16:17:37.361688921+00:00,2023-03-13 16:17:37.361522795+00:00,0,2,59,T,N,0,35.96,2,130,166126,591736139,AC
2023-03-13 17:04:48.032779875+00:00,2023-03-13 17:04:48.032614148+00:00,0,2,59,T,B,0,36.3,1,130,165727,696931149,AC
2023-03-13 19:05:05.903288316+00:00,2023-03-13 19:05:05.903121781+00:00,0,2,59,T,A,0,35.79,3,128,166535,919551743,AC
2023-03-13 19:05:57.225849821+00:00,2023-03-13 19:05:57.225682410+00:00,0,2,59,T,N,0,35.55,3,130,167411,921518631,AC
2023-03-13 19:29:58.955886806+00:00,2023-03-13 19:29:58.955719381+00:00,0,2,59,T,N,0,35.98,100,130,167425,970948516,AC
2023-03-13 19:32:08.573876504+00:00,2023-03-13 19:32:08.573705675+00:00,0,2,59,T,N,0,35.79,6,0,170829,976316371,AC
2023-03-13 19:32:08.573876504+00:00,2023-03-13 19:32:08.573705675+00:00,0,2,59,T,B,0,35.8,100,0,170829,976316372,AC
2023-03-13 19:32:08.573876504+00:00,2023-03-13 19:32:08.573705675+00:00,0,2,59,T,B,0,35.8,38,128,170829,976316373,AC
2023-03-13 19:37:11.423023679+00:00,2023-03-13 19:37:11.422858661+00:00,0,2,59,T,A,0,35.75,15,130,165018,987127562,AC
2023-03-13 19:47:11.479953716+00:00,2023-03-13 19:47:11.479788036+00:00,0,2,59,T,A,0,35.8,17,130,165680,1006805396,AC
2023-03-13 19:59:32.660869102+00:00,2023-03-13 19:59:32.660704014+00:00,0,2,59,T,N,0,35.83,39,130,165088,1042350750,AC
2023-03-13 19:59:43.639428331+00:00,2023-03-13 19:59:43.639263435+00:00,0,2,59,T,N,0,35.83,3,130,164896,1043208864,AC
2023-03-13 19:59:51.205886168+00:00,2023-03-13 19:59:51.205721285+00:00,0,2,59,T,N,0,35.82,1,130,164883,1044123142,AC
2023-03-13 19:59:54.632104446+00:00,2023-03-13 19:59:54.631938667+00:00,0,2,59,T,N,0,35.82,6,130,165779,1044479367,AC
2023-03-14 13:30:45.026911652+00:00,2023-03-14 13:30:45.026746483+00:00,0,2,59,T,A,0,36.51,1,130,165169,43837324,AC
2023-03-14 13:31:00.767726110+00:00,2023-03-14 13:31:00.767559670+00:00,0,2,59,T,A,0,36.51,1,0,166440,44752665,AC
2023-03-14 13:31:00.767726110+00:00,2023-03-14 13:31:00.767559670+00:00,0,2,59,T,A,0,36.51,1,130,166440,44752666,AC
2023-03-14 16:56:34.355507663+00:00,2023-03-14 16:56:34.355342731+00:00,0,2,59,T,N,0,36.88,1,130,164932,389943209,AC
2023-03-14 18:06:02.735645085+00:00,2023-03-14 18:06:02.735480002+00:00,0,2,59,T,N,0,36.775,3,130,165083,506492708,AC
2023-03-14 18:07:04.856765389+00:00,2023-03-14 18:07:04.856600144+00:00,0,2,59,T,N,0,36.675,1,130,165245,508067965,AC
2023-03-14 18:08:29.529825218+00:00,2023-03-14 18:08:29.529658179+00:00,0,2,59,T,N,0,36.83,1,0,167039,510934687,AC
2023-03-14 18:08:29.529825218+00:00,2023-03-14 18:08:29.529659531+00:00,0,2,59,T,N,0,36.83,7,130,165687,510934688,AC
2023-03-14 18:08:29.529826487+00:00,2023-03-14 18:08:29.529660922+00:00,0,2,59,T,N,0,36.83,6,130,165565,510934689,AC
2023-03-14 18:09:16.910224430+00:00,2023-03-14 18:09:16.910059194+00:00,0,2,59,T,N,0,37.24,1,130,165236,512882950,AC
2023-03-14 18:09:53.460399312+00:00,2023-03-14 18:09:53.460234750+00:00,0,2,59,T,A,0,36.56,1,130,164562,513743261,AC
2023-03-14 18:11:10.922594879+00:00,2023-03-14 18:11:10.922430083+00:00,0,2,59,T,N,0,36.8,3,130,164796,516069644,AC
2023-03-14 18:13:39.649403502+00:00,2023-03-14 18:13:39.649238389+00:00,0,2,59,T,B,0,36.8,1,0,165113,519224084,AC
2023-03-14 18:13:39.649403502+00:00,2023-03-14 18:13:39.649238389+00:00,0,2,59,T,B,0,36.81,35,130,165113,519224085,AC
2023-03-14 18:16:50.001465933+00:00,2023-03-14 18:16:50.001300209+00:00,0,2,59,T,B,0,36.94,60,130,165724,524367974,AC
2023-03-14 18:16:50.001558318+00:00,2023-03-14 18:16:50.001393198+00:00,0,2,59,T,B,0,36.94,40,130,165120,524367978,AC
2023-03-14 18:47:47.392063904+00:00,2023-03-14 18:47:47.391898148+00:00,0,2,59,T,N,0,36.84,14,130,165756,569545148,AC
2023-03-14 18:51:38.417358510+00:00,2023-03-14 18:51:38.417192049+00:00,0,2,59,T,N,0,36.85,10,0,166461,576147155,AC
2023-03-14 18:51:38.417358510+00:00,2023-03-14 18:51:38.417192049+00:00,0,2,59,T,N,0,36.84,2,130,166461,576147156,AC
2023-03-14 18:54:34.071523697+00:00,2023-03-14 18:54:34.071359327+00:00,0,2,59,T,B,0,36.9,14,130,164370,579853266,AC
2023-03-14 18:54:45.433077910+00:00,2023-03-14 18:54:45.432911573+00:00,0,2,59,T,N,0,36.85,9,0,166337,580058442,AC
2023-03-14 18:54:45.433077910+00:00,2023-03-14 18:54:45.432911573+00:00,0,2,59,T,N,0,36.84,7,130,166337,580058443,AC
2023-03-14 18:58:59.462918316+00:00,2023-03-14 18:58:59.462751747+00:00,0,2,59,T,N,0,36.85,7,130,166569,586190062,AC
2023-03-14 19:01:20.470947636+00:00,2023-03-14 19:01:20.470782097+00:00,0,2,59,T,N,0,36.85,4,130,165539,590375567,AC
2023-03-14 19:40:38.749031172+00:00,2023-03-14 19:40:38.748865175+00:00,0,2,59,T,N,0,36.36,7,130,165997,661610374,AC
2023-03-14 19:49:06.339118849+00:00,2023-03-14 19:49:06.338947575+00:00,0,2,59,T,B,0,37.2,1,128,171274,676022994,AC
2023-03-14 19:53:34.898396009+00:00,2023-03-14 19:53:34.898230724+00:00,0,2,59,T,A,0,37.2,3,130,165285,686558371,AC
2023-03-14 19:54:01.946367302+00:00,2023-03-14 19:54:01.946201907+00:00,0,2,59,T,A,0,37.2,3,130,165395,687454513,AC
2023-03-14 19:54:05.190381410+00:00,2023-03-14 19:54:05.190215633+00:00,0,2,59,T,A,0,37.2,21,130,165777,687550490,AC
2023-03-14 19:54:11.471860217+00:00,2023-03-14 19:54:11.471694240+00:00,0,2,59,T,A,0,37.2,11,0,165977,687791370,AC
2023-03-14 19:59:48.665722872+00:00,2023-03-14 19:59:48.665557721+00:00,0,2,59,T,A,0,37.2,1,130,165151,708448698,AC
2023-03-15 15:02:52.133792031+00:00,2023-03-15 15:02:52.133626769+00:00,0,2,59,T,N,0,36.11,5,130,165262,308541411,AC
2023-03-15 15:56:48.080237596+00:00,2023-03-15 15:56:48.080072329+00:00,0,2,59,T,B,0,36.8,1,130,165267,414327356,AC
2023-03-15 15:56:51.971854033+00:00,2023-03-15 15:56:51.971688506+00:00,0,2,59,T,B,0,36.8,3,130,165527,414417245,AC
2023-03-15 15:57:23.139990006+00:00,2023-03-15 15:57:23.139823382+00:00,0,2,59,T,B,0,36.8,1,0,166624,415242071,AC
2023-03-15 15:57:31.423257792+00:00,2023-03-15 15:57:31.423090988+00:00,0,2,59,T,A,0,36.8,2,0,166804,415439530,AC
2023-03-15 15:59:46.025487267+00:00,2023-03-15 15:59:46.025320475+00:00,0,2,59,T,A,0,36.8,2,128,166792,418786254,AC
2023-03-15 16:14:14.288686359+00:00,2023-03-15 16:14:14.288521123+00:00,0,2,59,T,N,0,37.21,2,130,165236,443581968,AC
2023-03-15 16:16:13.256227811+00:00,2023-03-15 16:16:13.256062584+00:00,0,2,59,T,N,0,37.21,2,130,165227,446751008,AC
2023-03-15 16:17:12.737833762+00:00,2023-03-15 16:17:12.737667247+00:00,0,2,59,T,N,0,37.21,2,130,166515,448382998,AC
2023-03-15 16:50:21.722532846+00:00,2023-03-15 16:50:21.722366397+00:00,0,2,59,T,A,0,36.81,5,130,166449,499780164,AC
2023-03-15 16:54:18.751779511+00:00,2023-03-15 16:54:18.751614022+00:00,0,2,59,T,A,0,36.81,5,130,165489,505946220,AC
2023-03-15 17:00:21.787859797+00:00,2023-03-15 17:00:21.787694708+00:00,0,2,59,T,A,0,36.81,6,130,165089,515207172,AC
2023-03-15 17:03:50.806608779+00:00,2023-03-15 17:03:50.806443496+00:00,0,2,59,T,A,0,36.81,6,130,165283,520044193,AC
2023-03-15 17:03:52.487525003+00:00,2023-03-15 17:03:52.487359223+00:00,0,2,59,T,A,0,36.81,20,130,165780,520142787,AC
2023-03-15 17:03:52.614685661+00:00,2023-03-15 17:03:52.614520359+00:00,0,2,59,T,A,0,36.81,30,130,165302,520148260,AC
2023-03-15 17:31:01.949433017+00:00,2023-03-15 17:31:01.949266753+00:00,0,2,59,T,A,0,36.8,6,130,166264,570220463,AC
2023-03-15 17:36:04.969018813+00:00,2023-03-15 17:36:04.968853690+00:00,0,2,59,T,A,0,36.8,5,130,165123,579243262,AC
2023-03-15 19:11:51.711727154+00:00,2023-03-15 19:11:51.711562021+00:00,0,2,59,T,N,0,36.32,5,130,165133,771774567,AC
2023-03-15 19:12:33.762082287+00:00,2023-03-15 19:12:33.761914769+00:00,0,2,59,T,B,0,36.7,10,0,167518,774716619,AC
2023-03-15 19:12:33.762082287+00:00,2023-03-15 19:12:33.761914769+00:00,0,2,59,T,N,0,36.71,26,130,167518,774716620,AC
2023-03-15 19:14:04.866597969+00:00,2023-03-15 19:14:04.866431907+00:00,0,2,59,T,N,0,37.34,1,130,166062,778492585,AC
2023-03-15 19:50:49.802675662+00:00,2023-03-15 19:50:49.802509447+00:00,0,2,59,T,B,0,36.77,49,130,166215,864046129,AC
2023-03-15 19:50:56.157205637+00:00,2023-03-15 19:50:56.157037961+00:00,0,2,59,T,B,0,36.81,4,0,167676,864401397,AC
2023-03-15 19:50:56.157205637+00:00,2023-03-15 19:50:56.157037961+00:00,0,2,59,T,B,0,36.81,6,0,167676,864401398,AC
2023-03-15 19:50:56.157522240+00:00,2023-03-15 19:50:56.157357443+00:00,0,2,59,T,A,0,36.9,1,130,164797,864401404,AC
2023-03-15 19:52:05.694716482+00:00,2023-03-15 19:52:05.694550720+00:00,0,2,59,T,A,0,37.0,1,130,165762,867599682,AC
2023-03-15 19:58:31.999656652+00:00,2023-03-15 19:58:31.999491351+00:00,0,2,59,T,N,0,36.44,2,130,165301,888079140,AC
2023-03-15 19:59:37.020667891+00:00,2023-03-15 19:59:37.020500707+00:00,0,2,59,T,N,0,36.44,2,128,167184,892455318,AC
2023-03-16 17:04:13.079843234+00:00,2023-03-16 17:04:13.079678362+00:00,0,2,59,T,N,0,37.06,6,130,164872,487990436,AC
2023-03-16 17:04:13.080648758+00:00,2023-03-16 17:04:13.080484419+00:00,0,2,59,T,N,0,37.06,1,130,164339,487990460,AC
2023-03-16 17:20:02.174741836+00:00,2023-03-16 17:20:02.174577137+00:00,0,2,59,T,N,0,37.1,6,130,164699,514187780,AC
2023-03-16 18:11:21.412138958+00:00,2023-03-16 18:11:21.411973910+00:00,0,2,59,T,N,0,36.73,1,130,165048,583086433,AC
2023-03-16 18:14:30.465508006+00:00,2023-03-16 18:14:30.465342856+00:00,0,2,59,T,N,0,36.74,2,130,165150,586412829,AC
2023-03-16 18:15:03.423356886+00:00,2023-03-16 18:15:03.423192025+00:00,0,2,59,T,N,0,36.78,6,130,164861,587066319,AC
2023-03-16 18:15:04.422705463+00:00,2023-03-16 18:15:04.422541280+00:00,0,2,59,T,N,0,36.78,3,130,164183,587080007,AC
2023-03-16 18:15:05.422939283+00:00,2023-03-16 18:15:05.422773645+00:00,0,2,59,T,N,0,36.78,1,0,165638,587114714,AC
2023-03-16 18:15:05.422939283+00:00,2023-03-16 18:15:05.422773645+00:00,0,2,59,T,N,0,36.77,1,130,165638,587114715,AC
2023-03-16 18:40:20.585033687+00:00,2023-03-16 18:40:20.584869207+00:00,0,2,59,T,N,0,36.77,3,130,164480,617090807,AC
2023-03-16 18:47:48.469460570+00:00,2023-03-16 18:47:48.469295610+00:00,0,2,59,T,N,0,36.77,2,130,164960,625377184,AC
2023-03-16 19:02:49.735356588+00:00,2023-03-16 19:02:49.735191145+00:00,0,2,59,T,N,0,36.77,20,130,165443,642191530,AC
2023-03-16 19:52:45.625940834+00:00,2023-03-16 19:52:45.625775600+00:00,0,2,59,T,A,0,36.67,13,130,165234,714346526,AC
2023-03-16 19:58:36.241818775+00:00,2023-03-16 19:58:36.241654341+00:00,0,2,59,T,N,0,36.63,8,130,164434,731648319,AC
2023-03-16 19:58:37.204140988+00:00,2023-03-16 19:58:37.203976492+00:00,0,2,59,T,N,0,36.63,3,130,164496,731718393,AC
2023-03-16 19:59:44.382373533+00:00,2023-03-16 19:59:44.382208717+00:00,0,2,59,T,N,0,36.63,8,130,164816,736354398,AC
2023-03-16 19:59:54.759261727+00:00,2023-03-16 19:59:54.759097268+00:00,0,2,59,T,N,0,36.61,1,130,164459,737487295,AC
2023-03-17 13:49:53.983220622+00:00,2023-03-17 13:49:53.983053196+00:00,0,2,59,T,A,0,37.25,10,0,167426,81311298,AC
2023-03-17 13:51:45.524332317+00:00,2023-03-17 13:51:45.524167754+00:00,0,2,59,T,B,0,36.98,1,130,164563,87066323,AC
2023-03-17 14:09:22.218158909+00:00,2023-03-17 14:09:22.217993539+00:00,0,2,59,T,N,0,37.62,1,130,165370,130823656,AC
2023-03-17 14:12:12.817842411+00:00,2023-03-17 14:12:12.817675663+00:00,0,2,59,T,B,0,36.99,1,0,166748,138130624,AC
2023-03-17 14:12:12.817842411+00:00,2023-03-17 14:12:12.817675663+00:00,0,2,59,T,N,0,36.99,1,130,166748,138130625,AC
2023-03-17 14:18:37.888133705+00:00,2023-03-17 14:18:37.887968377+00:00,0,2,59,T,A,0,36.98,1,130,165328,153128805,AC
2023-03-17 14:18:37.889731354+00:00,2023-03-17 14:18:37.889566120+00:00,0,2,59,T,N,0,37.62,2,130,165234,153128835,AC
2023-03-17 14:30:24.674974460+00:00,2023-03-17 14:30:24.674805408+00:00,0,2,59,T,B,0,37.5,5,0,169052,180622182,AC
2023-03-17 14:30:24.674974460+00:00,2023-03-17 14:30:24.674805408+00:00,0,2,59,T,B,0,37.5,5,0,169052,180622183,AC
2023-03-17 14:30:24.674974460+00:00,2023-03-17 14:30:24.674805408+00:00,0,2,59,T,B,0,37.5,5,130,169052,180622184,AC
2023-03-17 14:31:27.638825732+00:00,2023-03-17 14:31:27.638660120+00:00,0,2,59,T,N,0,37.49,2,130,165612,182743013,AC
2023-03-17 14:59:27.369944414+00:00,2023-03-17 14:59:27.369779114+00:00,0,2,59,T,N,0,37.24,1,130,165300,241169834,AC
2023-03-17 14:59:40.088581136+00:00,2023-03-17 14:59:40.088416146+00:00,0,2,59,T,N,0,37.535,1,130,164990,241661293,AC
2023-03-17 16:38:34.380365500+00:00,2023-03-17 16:38:34.380199946+00:00,0,2,59,T,N,0,37.49,1,130,165554,409417000,AC
2023-03-17 16:38:34.380826791+00:00,2023-03-17 16:38:34.380662472+00:00,0,2,59,T,N,0,37.49,1,130,164319,409417005,AC
2023-03-17 16:38:34.381404900+00:00,2023-03-17 16:38:34.381240610+00:00,0,2,59,T,N,0,37.49,8,130,164290,409417007,AC
2023-03-17 16:39:34.223691245+00:00,2023-03-17 16:39:34.223525864+00:00,0,2,59,T,N,0,37.49,4,130,165381,410851630,AC
2023-03-17 16:39:59.501532272+00:00,2023-03-17 16:39:59.501366892+00:00,0,2,59,T,N,0,37.49,13,130,165380,411326874,AC
2023-03-17 17:20:44.416038739+00:00,2023-03-17 17:20:44.415870338+00:00,0,2,59,T,N,0,37.49,1,128,168401,462141037,AC
2023-03-17 17:33:18.895470339+00:00,2023-03-17 17:33:18.895305216+00:00,0,2,59,T,N,0,37.49,1,130,165123,478594203,AC
2023-03-17 17:33:42.658632389+00:00,2023-03-17 17:33:42.658466263+00:00,0,2,59,T,N,0,37.49,10,130,166126,479247413,AC
2023-03-17 17:33:42.659216311+00:00,2023-03-17 17:33:42.659052054+00:00,0,2,59,T,N,0,37.49,1,130,164257,479247419,AC
2023-03-17 17:33:55.240014403+00:00,2023-03-17 17:33:55.239849084+00:00,0,2,59,T,N,0,37.49,11,130,165319,479942669,AC
2023-03-17 17:35:33.315803908+00:00,2023-03-17 17:35:33.315637097+00:00,0,2,59,T,N,0,37.47,5,130,166811,482982324,AC
2023-03-17 17:41:34.771332017+00:00,2023-03-17 17:41:34.771166217+00:00,0,2,59,T,N,0,37.49,2,130,165800,491221173,AC
2023-03-17 18:10:24.449253345+00:00,2023-03-17 18:10:24.449088177+00:00,0,2,59,T,N,0,37.29,1,130,165168,533004603,AC
2023-03-17 18:55:56.030687314+00:00,2023-03-17 18:55:56.030521428+00:00,0,2,59,T,N,0,37.285,1,130,165886,594094130,AC
2023-03-17 19:17:40.406378568+00:00,2023-03-17 19:17:40.406209090+00:00,0,2,59,T,N,0,37.3,10,0,169478,629720139,AC
2023-03-17 19:17:40.406378568+00:00,2023-03-17 19:17:40.406209090+00:00,0,2,59,T,N,0,37.35,11,0,169478,629720140,AC
2023-03-17 19:17:40.406378568+00:00,2023-03-17 19:17:40.406209090+00:00,0,2,59,T,N,0,37.39,9,130,169478,629720141,AC
2023-03-17 19:17:52.421113221+00:00,2023-03-17 19:17:52.420947884+00:00,0,2,59,T,N,0,37.49,8,130,165337,630287280,AC
2023-03-17 19:18:03.352898868+00:00,2023-03-17 19:18:03.352732689+00:00,0,2,59,T,N,0,37.45,4,130,166179,630608365,AC
2023-03-17 19:18:46.901063288+00:00,2023-03-17 19:18:46.900897363+00:00,0,2,59,T,N,0,37.49,2,130,165925,631715085,AC
2023-03-17 19:22:27.936033651+00:00,2023-03-17 19:22:27.935868581+00:00,0,2,59,T,N,0,37.49,2,130,165070,636964504,AC
2023-03-17 19:30:21.223832039+00:00,2023-03-17 19:30:21.223658366+00:00,0,2,59,T,B,0,37.59,2,0,173673,649291322,AC
2023-03-17 19:30:21.223832039+00:00,2023-03-17 19:30:21.223658366+00:00,0,2,59,T,B,0,37.59,1,128,173673,649291323,AC
2023-03-17 19:31:27.566224899+00:00,2023-03-17 19:31:27.566059894+00:00,0,2,59,T,N,0,37.3,1,130,165005,651396690,AC
2023-03-17 19:43:49.416241216+00:00,2023-03-17 19:43:49.416073999+00:00,0,2,59,T,B,0,37.11,3,0,167217,673462443,AC
2023-03-17 19:43:49.416241216+00:00,2023-03-17 19:43:49.416073999+00:00,0,2,59,T,B,0,37.12,2,130,167217,673462444,AC
2023-03-17 19:44:22.378961018+00:00,2023-03-17 19:44:22.378796115+00:00,0,2,59,T,N,0,37.545,1,130,164903,674589704,AC
2023-03-17 19:47:01.516408066+00:00,2023-03-17 19:47:01.516243027+00:00,0,2,59,T,B,0,37.02,5,130,165039,680492029,AC
2023-03-17 19:47:01.516560334+00:00,2023-03-17 19:47:01.516392958+00:00,0,2,59,T,B,0,37.04,2,0,167376,680492049,AC
2023-03-17 19:47:01.516560334+00:00,2023-03-17 19:47:01.516392958+00:00,0,2,59,T,B,0,37.2,2,130,167376,680492050,AC
2023-03-17 19:47:47.169149145+00:00,2023-03-17 19:47:47.168982904+00:00,0,2,59,T,N,0,37.59,25,130,166241,682138410,AC
2023-03-17 19:48:43.259619236+00:00,2023-03-17 19:48:43.259454248+00:00,0,2,59,T,A,0,37.01,2,130,164988,684211552,AC
2023-03-17 19:50:52.665294952+00:00,2023-03-17 19:50:52.665127222+00:00,0,2,59,T,B,0,37.2,1,0,167730,690916075,AC
2023-03-17 19:50:52.665294952+00:00,2023-03-17 19:50:52.665127222+00:00,0,2,59,T,B,0,37.2,1,130,167730,690916076,AC
2023-03-17 19:51:08.385346748+00:00,2023-03-17 19:51:08.385180172+00:00,0,2,59,T,B,0,37.33,1,0,166576,691645655,AC
2023-03-17 19:51:08.385346748+00:00,2023-03-17 19:51:08.385180172+00:00,0,2,59,T,N,0,37.57,1,130,166576,691645656,AC
2023-03-17 19:51:28.104186953+00:00,2023-03-17 19:51:28.104021608+00:00,0,2,59,T,B,0,37.33,2,130,165345,692807696,AC
2023-03-17 19:51:35.129602234+00:00,2023-03-17 19:51:35.129436641+00:00,0,2,59,T,A,0,37.21,100,130,165593,693173894,AC
2023-03-17 19:53:40.468056699+00:00,2023-03-17 19:53:40.467887703+00:00,0,2,59,T,B,0,37.1,3,0,168996,698527055,AC
2023-03-17 19:53:40.468056699+00:00,2023-03-17 19:53:40.467887703+00:00,0,2,59,T,B,0,37.1,2,0,168996,698527056,AC
2023-03-17 19:53:40.468056699+00:00,2023-03-17 19:53:40.467887703+00:00,0,2,59,T,B,0,37.1,1,0,168996,698527057,AC
2023-03-17 19:53:40.468056699+00:00,2023-03-17 19:53:40.467887703+00:00,0,2,59,T,B,0,37.1,2,130,168996,698527058,AC
2023-03-17 19:55:17.506517489+00:00,2023-03-17 19:55:17.506334276+00:00,0,2,59,T,N,0,37.0,1,0,183213,704804676,AC
2023-03-17 19:55:17.506517489+00:00,2023-03-17 19:55:17.506334276+00:00,0,2,59,T,B,0,37.1,1,0,183213,704804677,AC
2023-03-17 19:55:17.506517489+00:00,2023-03-17 19:55:17.506334276+00:00,0,2,59,T,B,0,37.1,2,128,183213,704804678,AC
2023-03-17 19:58:26.155963055+00:00,2023-03-17 19:58:26.155798274+00:00,0,2,59,T,N,0,36.75,4,130,164781,716579323,AC
2023-03-17 19:59:57.858152444+00:00,2023-03-17 19:59:57.857986365+00:00,0,2,59,T,B,0,37.09,11,0,166079,724557708,AC
2023-03-17 19:59:57.858152444+00:00,2023-03-17 19:59:57.857986365+00:00,0,2,59,T,N,0,37.22,4,130,166079,724557709,AC
2023-03-20 13:52:28.143522547+00:00,2023-03-20 13:52:28.143357193+00:00,0,2,58,T,B,0,36.82,1,130,165354,97499176,AC
2023-03-20 13:52:54.702155510+00:00,2023-03-20 13:52:54.701987309+00:00,0,2,58,T,B,0,37.32,4,128,168201,98587137,AC
2023-03-20 14:01:26.964404292+00:00,2023-03-20 14:01:26.964238708+00:00,0,2,58,T,N,0,37.19,1,130,165584,121145166,AC
2023-03-20 16:50:17.715506598+00:00,2023-03-20 16:50:17.715338979+00:00,0,2,58,T,N,0,36.84,32,0,167619,405935588,AC
2023-03-20 16:50:17.715506598+00:00,2023-03-20 16:50:17.715338979+00:00,0,2,58,T,B,0,36.85,1,0,167619,405935589,AC
2023-03-20 16:50:17.715506598+00:00,2023-03-20 16:50:17.715338979+00:00,0,2,58,T,B,0,36.85,68,130,167619,405935590,AC
2023-03-20 16:50:18.081288649+00:00,2023-03-20 16:50:18.081007531+00:00,0,2,58,T,B,0,36.85,32,128,281118,405971928,AC
2023-03-20 17:42:51.647936849+00:00,2023-03-20 17:42:51.647770064+00:00,0,2,58,T,B,0,36.95,1,130,166785,468012598,AC
2023-03-21 14:34:29.783651228+00:00,2023-03-21 14:34:29.783485962+00:00,0,2,58,T,N,0,37.44,5,130,165266,145798098,AC
2023-03-21 18:16:37.681797348+00:00,2023-03-21 18:16:37.681632184+00:00,0,2,58,T,B,0,37.4,1,130,165164,410027032,AC
2023-03-21 18:19:37.543472010+00:00,2023-03-21 18:19:37.543307178+00:00,0,2,58,T,N,0,37.64,1,130,164832,412748403,AC
2023-03-21 19:12:05.207321752+00:00,2023-03-21 19:12:05.207156644+00:00,0,2,58,T,N,0,37.47,6,130,165108,460036311,AC
2023-03-21 19:12:05.207814386+00:00,2023-03-21 19:12:05.207648935+00:00,0,2,58,T,B,0,37.48,6,130,165451,460036318,AC
2023-03-21 19:39:01.320125886+00:00,2023-03-21 19:39:01.319960250+00:00,0,2,58,T,B,0,37.29,3,130,165636,488026798,AC
2023-03-21 19:39:05.452071299+00:00,2023-03-21 19:39:05.451880778+00:00,0,2,58,T,B,0,37.29,7,128,190521,488176953,AC
2023-03-21 19:44:39.219719804+00:00,2023-03-21 19:44:39.219555197+00:00,0,2,58,T,B,0,37.25,3,130,164607,495999574,AC
2023-03-21 19:49:15.521084074+00:00,2023-03-21 19:49:15.520918305+00:00,0,2,58,T,N,0,37.14,5,130,165769,502253912,AC
2023-03-21 19:49:20.969495270+00:00,2023-03-21 19:49:20.969327937+00:00,0,2,58,T,N,0,37.14,29,0,167333,502336673,AC
2023-03-21 19:49:20.969495270+00:00,2023-03-21 19:49:20.969327937+00:00,0,2,58,T,B,0,37.15,5,0,167333,502336674,AC
2023-03-22 13:59:15.017605559+00:00,2023-03-22 13:59:15.017439901+00:00,0,2,58,T,N,0,37.71,1,130,165658,69894334,AC
2023-03-22 13:59:50.006107139+00:00,2023-03-22 13:59:50.005940988+00:00,0,2,58,T,B,0,37.72,1,130,166151,70642375,AC
2023-03-22 19:19:07.110505318+00:00,2023-03-22 19:19:07.110339753+00:00,0,2,58,T,B,0,36.92,10,130,165565,593515580,AC
2023-03-22 19:19:22.469558957+00:00,2023-03-22 19:19:22.469393815+00:00,0,2,58,T,B,0,36.98,5,130,165142,594114254,AC
2023-03-22 19:22:55.362219471+00:00,2023-03-22 19:22:55.362052717+00:00,0,2,58,T,B,0,37.3,19,130,166754,606271041,AC
2023-03-22 19:50:19.609712942+00:00,2023-03-22 19:50:19.609543552+00:00,0,2,58,T,B,0,36.95,5,0,169390,688831931,AC
2023-03-22 19:50:19.609712942+00:00,2023-03-22 19:50:19.609543552+00:00,0,2,58,T,B,0,37.0,12,0,169390,688831932,AC
2023-03-22 19:50:19.609712942+00:00,2023-03-22 19:50:19.609543552+00:00,0,2,58,T,B,0,37.0,6,130,169390,688831933,AC
2023-03-22 19:51:41.315416122+00:00,2023-03-22 19:51:41.315250555+00:00,0,2,58,T,N,0,37.46,3,130,165567,693379662,AC
2023-03-22 19:54:48.656865163+00:00,2023-03-22 19:54:48.656698666+00:00,0,2,58,T,B,0,36.85,20,130,166497,702917293,AC
2023-03-22 19:55:02.876626352+00:00,2023-03-22 19:55:02.876458676+00:00,0,2,58,T,B,0,36.9,5,0,167676,703993715,AC
2023-03-22 19:55:02.876626352+00:00,2023-03-22 19:55:02.876458676+00:00,0,2,58,T,B,0,36.9,17,130,167676,703993716,AC
2023-03-23 13:32:32.955451192+00:00,2023-03-23 13:32:32.955286208+00:00,0,2,58,T,A,0,37.61,1,130,164984,28692264,AC
2023-03-23 13:34:25.003881480+00:00,2023-03-23 13:34:25.003715176+00:00,0,2,58,T,N,0,37.6,1,130,166304,32702425,AC
2023-03-23 13:57:33.662213665+00:00,2023-03-23 13:57:33.662046631+00:00,0,2,58,T,N,0,37.49,1,130,167034,78671669,AC
2023-03-23 13:59:15.490514073+00:00,2023-03-23 13:59:15.490348554+00:00,0,2,58,T,N,0,38.1,1,130,165519,81432170,AC
